4372 5888
371 571 637 632 nnouacav.
732 550 1091 632 MUNIMENTA
1116 556 1197 631 DE
1224 544 1464 633 MELROS.
1738 544 1810 635 609

374 781 519 852 Tutum
536 788 575 852 et
592 769 785 878 integrum
805 769 923 855 Illum
940 802 1070 853 meum
1088 788 1187 852 anun
1206 778 1398 860 redditum
1415 770 1580 877 quatuor
1600 762 1814 851 marcarum

372 925 505 1000 vsuolis
539 936 691 999 monete
723 927 829 1025 regni
863 925 979 999 scocie
1012 949 1128 1023 quem
1164 925 1317 999 lrabem9
1351 926 1534 1000 exeuntifi
1567 924 1737 998 annatim
1771 930 1810 994 et

371 1072 510 1146 leuend
538 1073 586 1148 ad
616 1074 712 1147 duos
742 1073 832 1146 anni
861 1073 1040 1145 terminos
1061 1073 1210 1172 pluetos
1235 1071 1525 1146 Pentheohostes
1550 1074 1609 1166 vi3
1635 1080 1675 1145 et
1699 1069 1813 1142 sancti

373 1220 523 1293 martini
541 1221 580 1293 in
599 1220 723 1295 hieme
738 1186 808 1318 p⁰er
823 1219 974 1318 equales
999 1219 1190 1318 porciones
1207 1219 1255 1293 de
1280 1227 1361 1293 tota
1376 1228 1416 1293 et
1433 1221 1588 1319 Integra
1612 1228 1710 1292 terra
1734 1217 1813 1315 pos-

372 1367 507 1440 teriore
524 1375 563 1440 et
579 1367 694 1440 domo
710 1367 812 1440 vasta
828 1367 1011 1440 anteriore
1029 1365 1119 1439 olim
1145 1369 1353 1440 tenementi
1377 1366 1491 1440 nostri
1516 1380 1590 1442 nuc
1613 1389 1702 1439 vero
1727 1388 1810 1463 per-

370 1513 475 1586 tineri
489 1512 591 1587 dicto
603 1512 711 1586 alano
721 1513 872 1586 wilsone
885 1513 1032 1612 burgen
1050 1512 1142 1587 dicti
1160 1514 1274 1612 burgi
1291 1514 1347 1586 Et
1359 1538 1425 1611 per
1438 1537 1505 1586 nos
1520 1513 1689 1612 predicto
1705 1510 1813 1585 alano

370 1682 438 1757 pro
462 1646 672 1757 supradicto
689 1672 787 1732 anuo
803 1659 954 1732 redditu
979 1668 1143 1756 quatuor
1168 1670 1334 1732 marcarr'r
1361 1658 1409 1732 In
1435 1658 1645 1731 feodifirma
1670 1655 1813 1729 heredi-

373 1805 464 1879 tarie
476 1805 626 1878 affedar
640 1828 728 1879 cum
741 1805 814 1878 suis
828 1805 998 1902 pertineri
1010 1806 1127 1878 Jaceri
1144 1804 1185 1876 in
1198 1803 1287 1877 villa
1305 1805 1353 1878 de
1368 1802 1459 1878 leith
1478 1829 1527 1878 cx
1543 1813 1649 1902 parte
1665 1801 1812 1877 australi

372 1974 469 2049 aque
493 1950 597 2024 eiusd
621 1973 740 2048 prope
763 1950 881 2023 finem
904 1949 1101 2023 australem
1125 1950 1251 2047 pontis
1277 1951 1325 2023 de
1349 1949 1441 2023 leith
1468 1950 1515 2023 In
1532 1950 1750 2049 Regalitute
1767 1951 1814 2023 de

372 2095 581 2171 brochtoun
607 2104 646 2169 et
671 2095 768 2169 inti-a
783 2096 1089 2170 vicecomitatum
1109 2096 1157 2169 de
1175 2094 1405 2195 Edinburgh
1432 2096 1536 2168 Infra
1560 2105 1673 2170 terras
1698 2081 1813 2170 sancti

372 2243 537 2317 leonardi
557 2243 606 2316 de
621 2241 715 2316 leith
732 2242 781 2314 ad
799 2241 914 2316 finem
932 2241 1009 2316 srue
1026 2249 1172 2342 partem
1197 2234 1467 2316 occidentalem
1484 2241 1599 2316 earr‘rd
1617 2228 1725 2316 luter
1742 2252 1813 2316 ter-

371 2415 429 2464 ras
445 2389 576 2489 quond
593 2389 806 2463 Alexandri
823 2388 945 2463 bruun
963 2399 1135 2488 exparte
1150 2390 1321 2464 orientali
1339 2413 1387 2463 ex
1405 2400 1511 2489 parte
1528 2380 1605 2463 vna
1621 2376 1660 2463 et
1675 2399 1813 2463 terram

373 2537 514 2610 vastam
532 2536 693 2612 Roberti
709 2535 843 2635 logane
859 2535 908 2609 de
920 2534 1088 2610 coitfeild
1105 2558 1155 2610 ex
1169 2544 1275 2635 parte
1288 2525 1508 2611 occidentali
1520 2561 1568 2610 ex
1582 2546 1688 2636 parte
1700 2537 1815 2610 altere

374 2684 497 2757 Prout
512 2684 554 2757 in
571 2695 670 2757 carta
688 2684 753 2757 iira
770 2683 947 2782 predictis
963 2683 1077 2783 priori
1094 2692 1134 2757 et
1159 2685 1322 2784 puentui
1347 2684 1507 2783 predicti
1532 2684 1740 2782 monasterij
1767 2684 1815 2757 de

377 2830 519 2905 melross
547 2832 703 2930 desuper
727 2831 850 2931 plecta
878 2828 1027 2943 plenius
1053 2831 1271 2905 continetur
1294 2831 1415 2905 Vobis
1433 2832 1558 2930 Igitur
1582 2840 1622 2905 et
1648 2831 1814 2905 vestrum

376 2970 733 3077 cuilibet‘piunctim
748 2985 788 3051 et
813 2976 963 3051 diuisrm
980 2977 1208 3076 precipimus
1233 2986 1272 3051 et
1296 2977 1521 3053 mandamus
1546 2987 1734 3075 quatenus
1751 2978 1815 3051 vio

377 3124 529 3220 fontibus
547 3123 703 3197 indilate
720 3115 885 3199 Salinam
905 3125 1043 3199 statum
1068 3132 1108 3198 et
1132 3122 1382 3222 poffeffionem
1409 3123 1669 3197 hereditariam
1692 3112 1815 3199 tocius

375 3270 532 3368 predicti
550 3269 691 3344 anualis
707 3269 878 3345 redditus
893 3279 1060 3366 quatuor
1076 3294 1283 3345 marcarum
1302 3293 1388 3344 cum
1403 3271 1642 3368 pertinenciis
1659 3260 1814 3370 prefatis

374 3418 488 3516 priori
505 3426 544 3491 et
557 3417 720 3518 pueutui
737 3416 830 3491 dicti
848 3417 1057 3515 monasterij
1076 3417 1125 3492 de
1142 3417 1292 3491 Metron
1309 3415 1371 3491 vel
1387 3419 1461 3492 suis
1480 3418 1589 3491 certis
1614 3408 1813 3493 coturnatis

374 3565 436 3637 seu
461 3573 653 3639 actornato
676 3563 856 3639 latoribus
879 3564 941 3638 seu
963 3563 1072 3637 latori
1097 3565 1211 3663 pincia
1234 3565 1369 3640 secund
1395 3573 1565 3639 tenorem
1590 3564 1690 3640 dicte
1714 3574 1814 3640 carte

375 3711 496 3783 nostre
512 3735 628 3808 quam
645 3711 735 3785 inde
751 3711 892 3785 habent
910 3710 1012 3785 Iuste
1028 3704 1239 3786 deliberetis
1256 3719 1295 3787 et
1311 3710 1438 3786 haberi
1455 3712 1596 3786 faciatis
1621 3711 1697 3784 fine
1721 3711 1813 3784 dila-

379 3851 485 3928 cione
501 3855 602 3928 saluo
618 3858 714 3930 Jure
741 3856 940 3931 cuiussibet
966 3858 1022 3931 Et
1051 3859 1122 3932 hoc
1151 3857 1258 3933 nullo
1282 3857 1397 3932 modo
1422 3858 1605 3931 omittatis
1622 3857 1690 3931 Ad
1707 3856 1812 3955 quod

376 3996 520 4073 faciend
537 3999 645 4073 vobis
661 4009 701 4073 et
717 4001 881 4074 vestrum
900 4001 1056 4074 cuilibet
1068 4002 1256 4100 piunctim
1272 4011 1312 4076 et
1329 4002 1478 4076 diuifim
1499 4002 1659 4076 nostram
1686 4003 1812 4100 plena·

377 4149 469 4221 riam
486 4144 641 4218 liberam
671 4154 711 4218 et
741 4145 1031 4220 Irreuocabilem
1054 4145 1276 4245 potestatem
1297 4146 1514 4247 omittimus
1539 4171 1607 4246 per
1623 4148 1731 4245 putes
1761 4150 1810 4225 In

376 4295 485 4369 cuius
502 4294 576 4368 Rei
594 4291 795 4367 testmoniu
813 4290 990 4391 Sigillum
1009 4291 1178 4367 nostrum
1203 4292 1357 4391 potibus
1380 4293 1434 4368 est
1457 4294 1662 4393 appensum
1687 4288 1811 4397 Apud

377 4443 524 4515 dictum
551 4438 775 4513 monasteriis
791 4438 840 4512 de
855 4438 1000 4513 melroll
1014 4439 1163 4516 Octauo
1187 4440 1251 4515 die
1265 4439 1399 4516 mentis
1414 4440 1509 4541 Julij
1529 4442 1648 4518 Anno
1664 4443 1810 4520 domini

378 4587 581 4662 Millesrmo
596 4585 897 4686 quingentclimo
913 4586 1061 4662 decimo

1060 5033 1127 5092 4Η
