4372 5888
385 560 588 625 anonae.
601 560 661 623 rr.
740 537 1102 621 Mnmunnra
1124 535 1214 617 DE
1232 532 1476 617 MELROR
1754 536 1829 625 tw

385 762 517 858 ptinen
538 760 668 840 Alano
685 759 1062 863 waremburgam
1089 759 1183 837 dioti
1211 759 1327 861 burgi
1349 758 1400 836 de
1422 755 1653 860 Edinburgb
1682 757 1740 836 Et
1763 775 1832 861 per

386 933 457 987 noa
471 910 641 1010 predicto
656 909 764 987 alano
780 936 850 1010 pro
866 910 1080 1009 supradicto
1093 926 1193 985 anuo
1205 909 1360 984 redditu
1371 915 1538 1007 quatuor
1553 931 1764 983 marmrum
1782 907 1831 982 In

386 1056 595 1133 feodiflrma
610 1056 833 1132 hereditarie
849 1055 982 1132 affedai
999 1055 1102 1131 Cum
1125 1055 1200 1130 suia
1225 1055 1468 1154 pertinenoije
1483 1055 1602 1131 Jaoeir
1618 1055 1659 1129 in
1676 1053 1767 1129 villa
1782 1052 1831 1130 de

388 1203 507 1279 Leith
523 1227 572 1279 ex
588 1211 694 1303 parte
713 1201 862 1279 australi
886 1227 983 1304 aque
1007 1201 1112 1278 eiustl
1135 1226 1255 1301 prope
1277 1200 1395 1276 finem
1420 1201 1620 1278 australem
1636 1202 1830 1302 pontiado

388 1348 506 1426 Leith
535 1350 583 1424 In
600 1349 819 1450 Regalitate
843 1348 891 1426 de
916 1349 1127 1425 broohtoun
1144 1358 1183 1424 et
1199 1349 1298 1424 infra
1319 1349 1628 1424 vioeoomitatum
1645 1350 1695 1424 de
1711 1349 1832 1425 Edin-

387 1499 513 1600 burgh
527 1524 541 1574 ι
555 1508 595 1574 et
610 1498 709 1574 infra
723 1508 840 1575 terma
855 1499 973 1575 sanati
988 1498 1157 1574 leonardi
1179 1498 1229 1573 de
1251 1497 1347 1573 leith
1372 1499 1421 1573 ad
1444 1497 1562 1572 finem
1586 1498 1665 1574 fiue
1688 1505 1834 1598 partem

388 1646 659 1724 oooidentalem
683 1646 797 1723 eamd
823 1647 930 1722 Inter
959 1655 1074 1722 terras
1098 1643 1205 1746 quod
1227 1645 1445 1723 'Alexandri
1468 1647 1624 1720 Broeme
1650 1667 1700 1721 ex
1724 1655 1834 1745 parte

389 1791 562 1870 orientali
586 1816 636 1869 ex
659 1803 766 1893 parte
781 1817 858 1869 vna
879 1802 921 1869 et
944 1802 1088 1868 terram.
1099 1793 1242 1869 vastam
1258 1791 1421 1868 Roberti
1437 1791 1572 1893 logane
1588 1792 1638 1867 de
1654 1792 1834 1867 Coitfeild

390 1948 564 2041 exparte
577 1938 800 2016 occidentali
816 1963 866 2014 ex
882 1946 990 2038 parte
1004 1938 1124 2014 altera
1148 1939 1379 2014 Tenendum
1403 1947 1444 2014 et
1468 1939 1617 2015 babend
1642 1948 1770 2016 totum
1795 1950 1836 2015 et

392 2086 595 2186 Integrum
618 2086 835 2185 predictum
851 2096 953 2161 anun
970 2085 1164 2161 redditum
1180 2093 1348 2186 quatuor
1371 2109 1583 2161 marearum
1607 2111 1697 2162 oum
1722 2089 1837 2188 perti·

393 2232 534 2332 neneijs
549 2233 704 2332 prefatio
720 2232 835 2332 priori
851 2243 893 2308 et
911 2231 1077 2335 puentui
1100 2231 1430 2332 dietjmonasterij
1456 2233 1507 2307 de
1530 2232 1677 2308 melross
1700 2244 1740 2308 et
1763 2234 1837 2310 suia

394 2378 625 2476 suooefforib3
643 2378 712 2477 qui
728 2402 799 2479 pro
814 2388 984 2479 tempore
999 2378 1146 2455 fuerint
1162 2380 1214 2457 In
1224 2403 1359 2479 puram
1372 2389 1412 2454 et
1422 2379 1577 2454 liberam
1591 2379 1835 2456 donacionem

394 2549 437 2603 ao
463 2526 507 2601 in
534 2524 645 2601 feodo
659 2533 710 2600 et
732 2512 942 2601 hereditate
971 2526 1257 2624 imperpetuum
1283 2525 1386 2601 Cum
1410 2525 1588 2600 omnibus
1614 2533 1653 2600 et
1677 2525 1832 2625 singulis

395 2671 637 2749 libertatibus.
651 2670 926 2772 pmoditatibua
951 2670 1130 2770 proficuis
1154 2680 1194 2745 et
1217 2670 1428 2746 atramentis
1451 2696 1496 2746 ae
1519 2672 1638 2748 Jutlis
1662 2674 1836 2772 pertineri

394 2820 471 2895 suia
485 2819 746 2918 quibuscumq,
762 2817 860 2894 Tam
876 2841 956 2893 non
971 2818 1177 2897 nominatis
1192 2817 1276 2916 q‘m
1291 2819 1496 2895 nominatio
1508 2819 1643 2918 prooul
1660 2827 1700 2894 et
1720 2823 1838 2921 prope

396 2967 446 3040 ad
461 2966 609 3042 dictum
627 2978 728 3042 tnusr
744 2966 939 3041 redditum
954 2974 1120 3065 quatuor
1135 2988 1348 3041 marearum
1372 2978 1419 3042 ou
1444 2968 1616 3066 pertinen
1641 2967 1839 3067 spectanti·

396 3113 469 3188 bus
485 3113 548 3187 seu
564 3112 593 3188 J
594 3112 673 3186 uste
688 3114 853 3212 spectare
869 3112 1083 3188 valentibus
1099 3112 1386 3212 quomodolibet
1402 3114 1442 3186 in
1459 3115 1639 3190 futurum
1665 3115 1721 3191 Et
1745 3115 1839 3193 adeo

397 3256 513 3334 libere
529 3259 659 3357 quiete
673 3258 839 3358 plenarie
855 3259 1013 3360 Integre
1027 3258 1233 3335 honoriiioe
1248 3259 1401 3335 beneet
1416 3260 1460 3334 in
1474 3284 1566 3359 paoe
1580 3261 1622 3335 in
1646 3260 1769 3358 offiib3
1798 3273 1839 3338 et

397 3427 464 3504 per
479 3406 607 3480 omnia
622 3405 717 3480 ficut
732 3405 869 3505 aliquia
884 3417 1009 3481 annue
1024 3404 1196 3480 redditus
1211 3405 1313 3480 infra
1328 3415 1448 3506 regnu
1461 3407 1576 3482 soooie
1593 3407 1702 3508 aliouj
1722 3410 1838 3509 priori

398 3560 439 3627 et
449 3553 610 3654 puentuj
628 3551 816 3653 ouiusotiffi
829 3551 1040 3651 monastefij
1058 3550 1168 3629 infra.
1174 3561 1294 3653 regnu
1311 3553 1430 3629 sonaie
1452 3578 1532 3653 pros
1547 3557 1784 3633 oracionibus
1798 3566 1839 3632 et

399 3697 583 3798 suffragijn
599 3723 665 3798 per
681 3698 852 3799 aliquem·
863 3697 1019 3776 liberiua
1034 3697 1148 3775 datur
1162 3698 1229 3775 seu
1243 3699 1464 3776 oonoeditur
1485 3711 1553 3776 aut
1575 3703 1656 3777 dari
1672 3704 1736 3778 seu
1752 3726 1840 3778 oona

400 3843 483 3924 aedi
506 3853 688 3942 poterunt
703 3843 988 3944 qualiteruumrp
1010 3845 1052 3919 in
1075 3845 1254 3922 futurum
1269 3845 1335 3921 Ao
1348 3845 1427 3920 line
1442 3848 1715 3922 Retinemento
1730 3869 1838 3923 renos

401 3989 547 4072 catione
562 3998 631 4065 aut
645 3989 938 4067 oontradiotione
954 4013 1154 4090 quaeumffi
1168 3991 1247 4065 Pro
1263 3991 1438 4090 quoquid
1455 4004 1557 4067 anuo
1574 3993 1731 4070 redditu
1747 4018 1841 4096 qua·

400 4147 489 4215 tuor
504 4159 715 4213 marearum
731 4134 983 4213 'tenebuntur
997 4135 1093 4210 dicti
1107 4135 1253 4236 prior-e
1265 4145 1432 4238 puentua
1454 4138 1549 4214 dicti
1564 4141 1775 4244 monasterij
1790 4140 1842 4220 de

399 4284 544 4363 melross
567 4292 607 4361 et
627 4280 927 4361 suisuooafforea
941 4282 1300 4385 quipmtempore
1322 4284 1467 4362 fuerint
1490 4287 1540 4362 In
1563 4287 1638 4363 suia
1661 4289 1776 4368 miliia
1799 4298 1840 4367 et

399 4432 635 4512 oracionibus
665 4429 846 4532 suffragia.
865 4439 907 4507 et
935 4455 1065 4531 preoea
1087 4456 1158 4533 pro
1180 4433 1315 4508 anima·
1331 4432 1456 4508 nostra
1478 4442 1518 4511 et
1540 4436 1738 4514 animabus
1761 4441 1841 4516 oim

400 4582 662 4682 predictorum
672 4578 836 4656 fundere.
847 4585 889 4656 et
902 4603 1009 4656 orare
1023 4580 1074 4656 ad
1088 4604 1223 4657 eornm
1246 4580 1401 4657 libitum
1417 4581 1625 4660 voluntatis
1648 4595 1764 4685 prout
1787 4589 1841 4664 eir

402 4729 538 4807 melius
553 4727 1171 4829 vifirmssueritperpetuiaiuturia
1193 4728 1428 4831 temporibus
1443 4731 1616 4808 Tantum
1640 4758 1711 4833 pro
1735 4735 1841 4811 omni

401 4875 475 4953 alio
499 4898 611 4955 onere
635 4874 1261 4976 exactionepuestionademnnda
1281 4877 1348 4967 seu
1371 4876 1495 4956 fuioio
1516 4878 1670 4959 seculari
1692 4905 1777 4981 que·
1792 4879 1842 4959 de
