4394 5872
398 548 622 603 nuum.
772 527 1137 607 ‘MUNIMEN'PA
1162 529 1242 604 DE
1270 526 1510 604 MELROS.
1767 528 1840 600 645

406 746 454 818 de
471 747 725 846 auchmelling
741 760 787 824 οῦ
809 749 938 844 ptineii
962 736 1082 847 finiet·
1099 749 1127 824 J
1128 749 1243 824 acobo
1259 749 1326 848 gib
1343 747 1550 822 'heredibus
1573 747 1647 820 suis
1672 755 1711 818 et
1735 745 1839 844 affig-

405 894 503 965 natis
520 891 568 965 de
584 895 692 968 nobis
709 902 749 967 et
765 895 841 968 iiris
857 892 1114 969 suocelloribus
1130 895 1192 967 dei
1220 894 1431 968 monasterii
1459 893 1508 967 de
1532 891 1675 966 melrou
1699 892 1841 965 abbati·

405 1038 477 1111 bus
493 1039 555 1112 seu
568 1040 834 1139 omendatariis
858 1046 897 1111 et
917 1039 1125 1138 ouentibus
1155 1040 1196 1112 in
1225 1038 1433 1112 feodifirma
1460 1040 1524 1112 seu
1555 1037 1774 1135 emphiteofi
1805 1048 1843 1109 et

405 1183 613 1258 hereditate
630 1186 836 1283 lmppetuu
855 1186 930 1260 Per
947 1180 1077 1261 omne's
1094 1194 1211 1259 rectas
1230 1194 1348 1258 metas
1364 1187 1447 1258 suas
1463 1185 1636 1281 antiquas
1652 1193 1691 1256 et
1707 1181 1841 1256 diuisas

404 1340 477 1424 put
493 1331 629 1404 Jaeent
646 1333 687 1404 in
711 1331 952 1429 longitudine
978 1339 1016 1404 et
1045 1330 1249 1404 latitudine
1275 1331 1322 1403 ln
1347 1329 1523 1405 domibus
1548 1330 1702 1404 edificiis
1727 1330 1842 1402 boscis

405 1475 524 1572 planis
544 1479 657 1550 moris
674 1452 810 1551 rllrefiis
828 1478 899 1550 viis
916 1477 1056 1550 semitis
1071 1477 1179 1575 aquis
1197 1477 1333 1575 stagnis
1358 1477 1486 1549 riuolis
1512 1477 1626 1574 pratis
1646 1477 1787 1574 pascuis
1805 1484 1843 1547 et

247 1648 252 1653 ·
405 1623 562 1720 pasturis
582 1623 813 1697 Molendinis
830 1623 1008 1697 multuris
1024 1631 1064 1696 et
1081 1631 1174 1696 eorr'r
1192 1622 1350 1720 sequelis
1375 1621 1709 1721 Aucupationibus
1734 1645 1845 1695 vena-

402 1769 566 1842 tionibus
583 1769 845 1866 piseationibus
864 1771 1025 1867 petariis.
1039 1771 1212 1844 turbariis
1238 1770 1460 1843 carbonibus
1487 1769 1709 1843 carbonariis
1735 1769 1843 1840 cuni·

404 1914 498 1986 culis
516 1915 753 1988 cuniculuriis
770 1912 955 1988 columbis
972 1914 1168 1989 colubariis
1192 1918 1315 2013 pomis
1341 1916 1517 2012 pomeriis
1543 1915 1739 1988 fabrilibus
1765 1914 1845 1986 bra-

405 2060 490 2132 finis
519 2059 677 2133 brueriis
704 2060 864 2158 genestis
890 2060 991 2134 siluis
1021 2060 1237 2133 nemoribus
1263 2071 1302 2134 et
1327 2060 1502 2159 virgultis
1528 2060 1639 2159 lignis
1664 2060 1845 2158 lapicidiis

405 2205 530 2305 lapide
547 2215 586 2278 et
602 2205 700 2279 ealce
726 2207 827 2280 Cum
844 2208 956 2280 curiis
974 2216 1012 2280 et
1029 2218 1115 2282 earu
1147 2206 1312 2281 exitibus
1340 2206 1539 2301 heregeldis
1567 2204 1781 2279 bludewitis
1807 2217 1846 2278 et

406 2352 567 2425 muliero
598 2326 754 2426 rilchetis
786 2354 888 2428 Cum
913 2355 1011 2429 oofiii
1036 2356 1182 2452 pastura
1206 2353 1324 2428 libero
1351 2355 1510 2427 introitu
1529 2361 1567 2426 et
1583 2354 1691 2427 exitu
1717 2355 1781 2427 Ac
1798 2365 1845 2425 cu

406 2499 554 2572 omibus
582 2498 663 2572 aliis
687 2510 726 2572 et
749 2499 904 2598 singulis
920 2500 1155 2576 libertatibus
1183 2501 1476 2575 comoditatibus
1503 2501 1638 2594 pficuis
1665 2498 1845 2572 afiametis

405 2669 447 2718 ao
474 2646 578 2719 iustis
605 2647 736 2741 ptineir
763 2646 837 2721 suis
853 2647 1098 2747 quibuscunq3
1121 2648 1219 2722 Tam
1247 2671 1324 2721 non
1352 2648 1514 2721 noinatis
1531 2646 1748 2744 q‘noinatis
1766 2656 1846 2719 tam

405 2790 535 2864 subtus
554 2802 651 2865 terra
668 2794 712 2890 q‘
725 2794 833 2891 supra
849 2801 947 2867 terra
962 2793 1052 2888 paul
1068 2801 1107 2867 et
1120 2817 1195 2893 ppe
1207 2793 1256 2866 ad
1272 2778 1417 2891 {laicus
1434 2768 1518 2867 Pras
1535 2805 1581 2866 cu
1601 2793 1730 2886 ptineii
1747 2793 1847 2890 spee-

408 2939 576 3011 tantibus
615 2941 678 3012 seu
720 2939 813 3012 iuste
843 2940 1005 3038 spectare
1033 2941 1142 3014 valen
1175 2939 1462 3038 quomodolibet
1495 2941 1549 3011 in*
1570 2938 1704 3013 futuru
1733 2939 1848 3013 libere

407 3085 535 3180 quiete
551 3083 716 3180 plenarie
732 3086 879 3178 integre
894 3083 1098 3155 honorifice
1114 3082 1210 3155 bene
1226 3094 1265 3156 et
1282 3087 1323 3154 in
1342 3107 1432 3181 pace
1458 3084 1547 3158 Sine
1572 3084 1700 3181 aliquo
1728 3087 1847 3182 impe-

407 3229 548 3302 dimeto
565 3228 802 3302 reuooatione
819 3228 1111 3302 oontradiotione
1127 3236 1195 3301 aut
1211 3229 1400 3303 obstaculo
1417 3252 1606 3328 quoeunqs
1632 3231 1846 3305 Reddendo

406 3374 494 3447 inde
512 3344 681 3447 annatim
698 3373 774 3447 dici
789 3373 957 3448 Jaoobus
972 3373 1039 3474 gib
1057 3372 1213 3448 heredes
1237 3375 1293 3448 sui
1318 3383 1357 3448 et
1381 3374 1550 3474 allignati
1575 3376 1683 3449 nobis
1708 3385 1747 3450 et
1772 3377 1848 3452 iiris

407 3521 665 3594 suecessoribus
696 3521 789 3595 dicti
818 3519 910 3595 mo¹¹¹
936 3519 984 3594 de
1012 3520 1154 3595 menon
1177 3519 1377 3596 abbatibus
1397 3524 1462 3596 seu
1478 3522 1762 3598 comendatariis
1780 3524 1849 3601 Su-

410 3690 512 3738 mam
537 3668 601 3740 sex
624 3666 783 3742 solidoru
808 3675 849 3743 et
864 3675 950 3742 octo
967 3666 1163 3743 denariorr‘r
1180 3666 1415 3767 tanq‘firma
1439 3653 1610 3766 {laicum
1636 3643 1742 3745 praru
1761 3679 1849 3744 ante

409 3813 540 3909 {intem
555 3811 847 3887 infeodationem
863 3813 956 3887 solui
972 3814 1077 3890 solita
1103 3823 1143 3890 et
1165 3816 1297 3914 plueta
1313 3816 1369 3890 Et
1385 3843 1413 3908 p
1429 3818 1584 3913 areagiis
1611 3825 1650 3887 et
1674 3817 1849 3912 careagiis

409 3957 513 4029 hmoi
530 3965 669 4030 ten-aru
685 3958 832 4031 sumam
849 3960 923 4031 trisr
943 3958 1141 4032 denarion‘r
1167 3960 1327 4033 Necnon
1352 3961 1500 4032 sumam
1526 3968 1623 4032 noue
1649 3960 1845 4035 denarion’r

408 4101 501 4197 plie
518 4100 689 4200 bondoge
704 4101 814 4176 liluer
830 4102 992 4175 earunde
1017 4104 1080 4194 Ae
1096 4104 1212 4176 etiam
1237 4104 1385 4176 firmam
1416 4104 1573 4202 triginta
1602 4103 1799 4179 denariorr’r
1822 4136 1849 4203 p

410 4247 689 4347 augmetatione
716 4245 778 4320 dai
803 4246 860 4319 iiri
884 4245 1035 4320 tentalis
1058 4247 1149 4346 plus
1166 4249 1211 4346 q‘
1231 4250 1328 4346 vnq‘
1351 4247 1447 4322 terre
1464 4234 1626 4349 §scripte
1651 4251 1758 4327 nobis
1782 4265 1849 4328 aut

411 4379 681 4491 fidecelloribus
700 4392 774 4468 bris
790 4393 895 4491 prius
911 4392 1126 4489 psoluerunt
1142 4395 1204 4469 seu
1224 4393 1412 4469 dederunt
1424 4394 1629 4471 Extendeir
1643 4397 1683 4472 in
1702 4400 1850 4499 integro

412 4539 461 4612 ad
489 4542 640 4613 sumam
667 4538 756 4613 deoe
784 4537 944 4614 solidam
967 4546 1007 4613 et
1029 4540 1151 4615 duon'r
1169 4539 1365 4616 denarioro
1389 4541 1438 4615 ad
1464 4540 1560 4616 duos
1584 4544 1648 4617 ani
1673 4549 1851 4620 terminos

412 4686 605 4759 oonsuetos
621 4685 712 4759 festa
727 4687 789 4760 viz
807 4685 1062 4784 pentheoostes
1078 4694 1118 4761 et
1134 4686 1251 4761 saneti
1268 4660 1379 4762 rbtini
1395 4688 1436 4760 in
1461 4687 1588 4763 hieme
1611 4713 1678 4788 per
1703 4693 1851 4789 equales

411 4831 601 4929 portiones
613 4832 727 4907 noine
736 4831 944 4907 feodifinne
955 4833 1114 4909 Necnon
1127 4833 1282 4909 heredes
1295 4833 1355 4910 dei
1365 4834 1391 4912 J
1393 4834 1500 4911 aoobi
1513 4835 1677 4911 reddedo
1690 4836 1851 4936 duplum
