<?xml version="1.0" encoding="UTF-8"?>
<!DOCTYPE html PUBLIC "-//W3C//DTD XHTML 1.0 Transitional//EN"
    "http://www.w3.org/TR/xhtml1/DTD/xhtml1-transitional.dtd">
<html xmlns="http://www.w3.org/1999/xhtml" xml:lang="en" lang="en">
 <head>
  <title>
</title>
<meta http-equiv="Content-Type" content="text/html;charset=utf-8" />
  <meta name='ocr-system' content='tesseract 3.04.00' />
  <meta name='ocr-capabilities' content='ocr_page ocr_carea ocr_par ocr_line ocrx_word'/>
</head>
<body>
  <div class='ocr_page' id='page_1' title='image "./libersanctemari00innegoog_0042.png"; bbox 0 0 4372 5888; ppageno 0'>
   <div class='ocr_carea' id='block_1_1' title="bbox 421 565 1857 652">
    <p class='ocr_par' dir='ltr' id='par_1_1' title="bbox 421 565 1857 652">
     <span class='ocr_line' id='line_1_1' title="bbox 421 565 1857 652; baseline -0.006 -5"><span class='ocrx_word' id='word_1_1' title='bbox 421 589 518 647; x_wconf 70' lang='lat' dir='ltr'>sau.</span> <span class='ocrx_word' id='word_1_2' title='bbox 533 588 625 646; x_wconf 79' lang='lat' dir='ltr'>nou.</span> <span class='ocrx_word' id='word_1_3' title='bbox 641 591 668 646; x_wconf 91' lang='lat'>1.</span> <span class='ocrx_word' id='word_1_4' title='bbox 777 567 1136 652; x_wconf 82' lang='lat' dir='ltr'><strong>MUNIMENTA</strong></span> <span class='ocrx_word' id='word_1_5' title='bbox 1161 566 1244 644; x_wconf 80' lang='lat' dir='ltr'>DE</span> <span class='ocrx_word' id='word_1_6' title='bbox 1267 565 1510 648; x_wconf 75' lang='lat' dir='ltr'><strong>MELROS.</strong></span> <span class='ocrx_word' id='word_1_7' title='bbox 1784 566 1857 649; x_wconf 68' lang='lat'>325</span> 
     </span>
    </p>
   </div>
   <div class='ocr_carea' id='block_1_2' title="bbox 422 782 1876 2930">
    <p class='ocr_par' dir='ltr' id='par_1_2' title="bbox 422 782 1876 2930">
     <span class='ocr_line' id='line_1_2' title="bbox 422 782 1860 885; baseline -0.003 -23"><span class='ocrx_word' id='word_1_8' title='bbox 422 789 536 864; x_wconf 89' lang='lat' dir='ltr'>etiam</span> <span class='ocrx_word' id='word_1_9' title='bbox 553 789 669 865; x_wconf 88' lang='lat' dir='ltr'>eisdm</span> <span class='ocrx_word' id='word_1_10' title='bbox 686 799 730 865; x_wconf 86' lang='lat' dir='ltr'>vt</span> <span class='ocrx_word' id='word_1_11' title='bbox 745 791 847 865; x_wconf 78' lang='lat' dir='ltr'>nubs</span> <span class='ocrx_word' id='word_1_12' title='bbox 871 814 1000 866; x_wconf 86' lang='lat' dir='ltr'>namus</span> <span class='ocrx_word' id='word_1_13' title='bbox 1015 792 1100 865; x_wconf 88' lang='lat' dir='ltr'>suos</span> <span class='ocrx_word' id='word_1_14' title='bbox 1128 798 1196 865; x_wconf 88' lang='lat' dir='ltr'>aut</span> <span class='ocrx_word' id='word_1_15' title='bbox 1212 790 1333 865; x_wconf 79' lang='lat' dir='ltr'>hbum</span> <span class='ocrx_word' id='word_1_16' title='bbox 1348 791 1443 878; x_wconf 61' lang='lat' dir='ltr'>suoi</span> <span class='ocrx_word' id='word_1_17' title='bbox 1458 785 1578 885; x_wconf 84' lang='lat' dir='ltr'>capiat</span> <span class='ocrx_word' id='word_1_18' title='bbox 1592 811 1606 859; x_wconf 83' lang='lat' dir='ltr'>r</span> <span class='ocrx_word' id='word_1_19' title='bbox 1619 806 1687 883; x_wconf 90' lang='lat' dir='ltr'>pro</span> <span class='ocrx_word' id='word_1_20' title='bbox 1702 782 1860 860; x_wconf 85' lang='lat' dir='ltr'>alicuius</span> 
     </span>
     <span class='ocr_line' id='line_1_3' title="bbox 424 930 1859 1036; baseline -0.003 -30"><span class='ocrx_word' id='word_1_21' title='bbox 424 935 553 1010; x_wconf 88' lang='lat' dir='ltr'>debito</span> <span class='ocrx_word' id='word_1_22' title='bbox 567 961 581 1009; x_wconf 82' lang='lat' dir='ltr'>r</span> <span class='ocrx_word' id='word_1_23' title='bbox 594 935 780 1036; x_wconf 85' lang='lat' dir='ltr'>plegiagio</span> <span class='ocrx_word' id='word_1_24' title='bbox 804 939 848 1010; x_wconf 84' lang='lat' dir='ltr'>ui</span> <span class='ocrx_word' id='word_1_25' title='bbox 871 936 1025 1011; x_wconf 69' lang='lat' dir='ltr'>forisfdo</span> <span class='ocrx_word' id='word_1_26' title='bbox 1041 962 1051 1012; x_wconf 87' lang='lat' dir='ltr'>r</span> <span class='ocrx_word' id='word_1_27' title='bbox 1066 938 1132 1011; x_wconf 90' lang='lat' dir='ltr'>nifi</span> <span class='ocrx_word' id='word_1_28' title='bbox 1150 961 1219 1036; x_wconf 90' lang='lat' dir='ltr'>pro</span> <span class='ocrx_word' id='word_1_29' title='bbox 1235 935 1374 1026; x_wconf 59' lang='lat' dir='ltr'>eosdm</span> <span class='ocrx_word' id='word_1_30' title='bbox 1398 935 1483 1034; x_wconf 56' lang='lat' dir='ltr'>opio</span> <span class='ocrx_word' id='word_1_31' title='bbox 1499 932 1627 1007; x_wconf 89' lang='lat' dir='ltr'>debito</span> <span class='ocrx_word' id='word_1_32' title='bbox 1642 930 1859 1031; x_wconf 83' lang='lat' dir='ltr'>rplegiagio</span> 
     </span>
     <span class='ocr_line' id='line_1_4' title="bbox 425 1055 1858 1183; baseline -0.002 -31"><span class='ocrx_word' id='word_1_33' title='bbox 425 1079 488 1155; x_wconf 88' lang='lat' dir='ltr'>vel</span> <span class='ocrx_word' id='word_1_34' title='bbox 503 1079 655 1180; x_wconf 72' lang='lat' dir='ltr'>forisfdo</span> <span class='ocrx_word' id='word_1_35' title='bbox 670 1107 680 1157; x_wconf 86' lang='lat' dir='ltr'>r</span> <span class='ocrx_word' id='word_1_36' title='bbox 697 1082 817 1157; x_wconf 88' lang='lat' dir='ltr'>Saluis</span> <span class='ocrx_word' id='word_1_37' title='bbox 829 1082 958 1183; x_wconf 85' lang='lat' dir='ltr'>burgis</span> <span class='ocrx_word' id='word_1_38' title='bbox 975 1083 1050 1157; x_wconf 73' lang='lat' dir='ltr'>bris</span> <span class='ocrx_word' id='word_1_39' title='bbox 1065 1124 1073 1147; x_wconf 88' lang='lat'><strong>·</strong></span> <span class='ocrx_word' id='word_1_40' title='bbox 1089 1055 1213 1157; x_wconf 55' lang='lat' dir='ltr'>firmi?</span> <span class='ocrx_word' id='word_1_41' title='bbox 1223 1081 1435 1156; x_wconf 82' lang='lat' dir='ltr'>inhibentes</span> <span class='ocrx_word' id='word_1_42' title='bbox 1449 1085 1460 1156; x_wconf 98' lang='grc' dir='ltr'>Ξ</span> <span class='ocrx_word' id='word_1_43' title='bbox 1476 1079 1626 1177; x_wconf 90' lang='lat' dir='ltr'>nequis</span> <span class='ocrx_word' id='word_1_44' title='bbox 1642 1079 1750 1152; x_wconf 73' lang='lat' dir='ltr'>eons‘</span> <span class='ocrx_word' id='word_1_45' title='bbox 1762 1077 1858 1151; x_wconf 89' lang='lat' dir='ltr'>hanc</span> 
     </span>
     <span class='ocr_line' id='line_1_5' title="bbox 426 1214 1860 1327; baseline -0.001 -29"><span class='ocrx_word' id='word_1_46' title='bbox 426 1225 691 1305; x_wconf 81' lang='lat' dir='ltr'>conoeffionem</span> <span class='ocrx_word' id='word_1_47' title='bbox 716 1229 941 1326; x_wconf 68' lang='lat' dir='ltr'>dramrisaos</span> <span class='ocrx_word' id='word_1_48' title='bbox 962 1252 1099 1303; x_wconf 84' lang='lat' dir='ltr'>vexare</span> <span class='ocrx_word' id='word_1_49' title='bbox 1119 1214 1273 1327; x_wconf 68' lang='lat' dir='ltr'>‘Bsumat</span> <span class='ocrx_word' id='word_1_50' title='bbox 1299 1226 1457 1301; x_wconf 69' lang='lat' dir='ltr'>iniuiber</span> <span class='ocrx_word' id='word_1_51' title='bbox 1473 1250 1543 1320; x_wconf 83' lang='lat' dir='ltr'>sup</span> <span class='ocrx_word' id='word_1_52' title='bbox 1569 1224 1727 1299; x_wconf 89' lang='lat' dir='ltr'>eandem</span> <span class='ocrx_word' id='word_1_53' title='bbox 1754 1225 1860 1297; x_wconf 74' lang='lat' dir='ltr'>isram</span> 
     </span>
     <span class='ocr_line' id='line_1_6' title="bbox 427 1343 1860 1470; baseline -0.001 -26"><span class='ocrx_word' id='word_1_54' title='bbox 427 1370 629 1469; x_wconf 85' lang='lat' dir='ltr'><strong>plenariam</strong></span> <span class='ocrx_word' id='word_1_55' title='bbox 646 1372 917 1447; x_wconf 81' lang='lat' dir='ltr'>forisfacturam</span> <span class='ocrx_word' id='word_1_56' title='bbox 936 1414 944 1437; x_wconf 90' lang='lat'><strong>·</strong></span> <span class='ocrx_word' id='word_1_57' title='bbox 961 1374 1188 1461; x_wconf 68' lang='lat' dir='ltr'>mandamus</span> <span class='ocrx_word' id='word_1_58' title='bbox 1204 1374 1311 1469; x_wconf 83' lang='lat' dir='ltr'>insup</span> <span class='ocrx_word' id='word_1_59' title='bbox 1329 1382 1368 1446; x_wconf 88' lang='lat' dir='ltr'>et</span> <span class='ocrx_word' id='word_1_60' title='bbox 1383 1343 1506 1445; x_wconf 52' lang='lat' dir='ltr'>firmi?</span> <span class='ocrx_word' id='word_1_61' title='bbox 1517 1356 1707 1470; x_wconf 69' lang='lat' dir='ltr'>ficipimus</span> <span class='ocrx_word' id='word_1_62' title='bbox 1720 1411 1729 1429; x_wconf 91' lang='lat'><strong>·</strong></span> <span class='ocrx_word' id='word_1_63' title='bbox 1744 1370 1769 1444; x_wconf 90' lang='lat' dir='ltr'><strong>J</strong></span> <span class='ocrx_word' id='word_1_64' title='bbox 1775 1369 1860 1442; x_wconf 89' lang='lat' dir='ltr'>usti-</span> 
     </span>
     <span class='ocr_line' id='line_1_7' title="bbox 427 1502 1860 1618; baseline -0.003 -26"><span class='ocrx_word' id='word_1_65' title='bbox 427 1519 545 1594; x_wconf 83' lang='lat' dir='ltr'>ciariis</span> <span class='ocrx_word' id='word_1_66' title='bbox 560 1545 574 1592; x_wconf 79' lang='lat' dir='ltr'><em>l</em></span> <span class='ocrx_word' id='word_1_67' title='bbox 588 1519 892 1594; x_wconf 85' lang='lat' dir='ltr'>vicecomitibus·</span> <span class='ocrx_word' id='word_1_68' title='bbox 911 1505 1064 1618; x_wconf 73' lang='lat' dir='ltr'>Bpofitis</span> <span class='ocrx_word' id='word_1_69' title='bbox 1094 1531 1293 1595; x_wconf 84' lang='lat' dir='ltr'>eteorum</span> <span class='ocrx_word' id='word_1_70' title='bbox 1325 1518 1472 1593; x_wconf 91' lang='lat' dir='ltr'>balliuis</span> <span class='ocrx_word' id='word_1_71' title='bbox 1506 1517 1553 1591; x_wconf 91' lang='lat' dir='ltr'>ad</span> <span class='ocrx_word' id='word_1_72' title='bbox 1586 1540 1681 1614; x_wconf 89' lang='lat' dir='ltr'>quos</span> <span class='ocrx_word' id='word_1_73' title='bbox 1715 1502 1860 1615; x_wconf 65' lang='lat' dir='ltr'>{dientes</span> 
     </span>
     <span class='ocr_line' id='line_1_8' title="bbox 428 1638 1862 1763; baseline -0.009 -16"><span class='ocrx_word' id='word_1_74' title='bbox 428 1638 513 1746; x_wconf 66' lang='lat' dir='ltr'>litio</span> <span class='ocrx_word' id='word_1_75' title='bbox 536 1642 697 1759; x_wconf 75' lang='lat' dir='ltr'>pueiiint</span> <span class='ocrx_word' id='word_1_76' title='bbox 711 1693 724 1740; x_wconf 80' lang='lat' dir='ltr'>r</span> <span class='ocrx_word' id='word_1_77' title='bbox 737 1675 782 1741; x_wconf 88' lang='lat' dir='ltr'>vt</span> <span class='ocrx_word' id='word_1_78' title='bbox 810 1675 913 1741; x_wconf 79' lang='lat' dir='ltr'>offres</span> <span class='ocrx_word' id='word_1_79' title='bbox 934 1666 1016 1740; x_wconf 90' lang='lat' dir='ltr'>illos</span> <span class='ocrx_word' id='word_1_80' title='bbox 1034 1666 1074 1740; x_wconf 92' lang='lat' dir='ltr'>in</span> <span class='ocrx_word' id='word_1_81' title='bbox 1092 1690 1164 1757; x_wconf 68' lang='lat' dir='ltr'>eoa</span> <span class='ocrx_word' id='word_1_82' title='bbox 1180 1666 1300 1741; x_wconf 88' lang='lat' dir='ltr'>balliis</span> <span class='ocrx_word' id='word_1_83' title='bbox 1318 1667 1381 1741; x_wconf 89' lang='lat' dir='ltr'>seu</span> <span class='ocrx_word' id='word_1_84' title='bbox 1398 1664 1527 1762; x_wconf 83' lang='lat' dir='ltr'>burgis</span> <span class='ocrx_word' id='word_1_85' title='bbox 1539 1688 1553 1736; x_wconf 83' lang='lat' dir='ltr'>r</span> <span class='ocrx_word' id='word_1_86' title='bbox 1565 1663 1633 1763; x_wconf 93' lang='lat' dir='ltr'>qui</span> <span class='ocrx_word' id='word_1_87' title='bbox 1650 1662 1776 1736; x_wconf 87' lang='lat' dir='ltr'>debita</span> <span class='ocrx_word' id='word_1_88' title='bbox 1798 1661 1862 1734; x_wconf 91' lang='lat' dir='ltr'>de-</span> 
     </span>
     <span class='ocr_line' id='line_1_9' title="bbox 430 1783 1862 1912; baseline -0.002 -28"><span class='ocrx_word' id='word_1_89' title='bbox 430 1811 521 1884; x_wconf 87' lang='lat' dir='ltr'>bent</span> <span class='ocrx_word' id='word_1_90' title='bbox 533 1811 649 1886; x_wconf 76' lang='lat' dir='ltr'>eiidm</span> <span class='ocrx_word' id='word_1_91' title='bbox 663 1812 860 1912; x_wconf 85' lang='lat' dir='ltr'>Religiofis</span> <span class='ocrx_word' id='word_1_92' title='bbox 873 1812 1065 1887; x_wconf 77' lang='lat' dir='ltr'>adeadem</span> <span class='ocrx_word' id='word_1_93' title='bbox 1078 1812 1205 1887; x_wconf 87' lang='lat' dir='ltr'>debita</span> <span class='ocrx_word' id='word_1_94' title='bbox 1215 1814 1267 1888; x_wconf 90' lang='lat' dir='ltr'>eis</span> <span class='ocrx_word' id='word_1_95' title='bbox 1280 1811 1341 1886; x_wconf 90' lang='lat' dir='ltr'>vel</span> <span class='ocrx_word' id='word_1_96' title='bbox 1353 1835 1428 1902; x_wconf 70' lang='grc' dir='ltr'>ειη</span> <span class='ocrx_word' id='word_1_97' title='bbox 1445 1783 1721 1899; x_wconf 68' lang='lat' dir='ltr'>dboActomato</span> <span class='ocrx_word' id='word_1_98' title='bbox 1746 1807 1862 1894; x_wconf 87' lang='lat' dir='ltr'>latori</span> 
     </span>
     <span class='ocr_line' id='line_1_10' title="bbox 431 1943 1862 2055; baseline -0.003 -24"><span class='ocrx_word' id='word_1_99' title='bbox 431 1943 605 2054; x_wconf 64' lang='lat' dir='ltr'>Bsencisrr</span> <span class='ocrx_word' id='word_1_100' title='bbox 619 1958 715 2033; x_wconf 91' lang='lat' dir='ltr'>iuste</span> <span class='ocrx_word' id='word_1_101' title='bbox 739 1968 779 2033; x_wconf 88' lang='lat' dir='ltr'>et</span> <span class='ocrx_word' id='word_1_102' title='bbox 801 1958 878 2033; x_wconf 85' lang='lat' dir='ltr'>fine</span> <span class='ocrx_word' id='word_1_103' title='bbox 904 1958 1069 2032; x_wconf 79' lang='lat' dir='ltr'>dilamne</span> <span class='ocrx_word' id='word_1_104' title='bbox 1094 1957 1324 2035; x_wconf 88' lang='lat' dir='ltr'>Reddenda·</span> <span class='ocrx_word' id='word_1_105' title='bbox 1343 1958 1453 2033; x_wconf 77' lang='lat' dir='ltr'>Sodrn</span> <span class='ocrx_word' id='word_1_106' title='bbox 1470 1955 1522 2055; x_wconf 86' lang='lat' dir='ltr'>qd</span> <span class='ocrx_word' id='word_1_107' title='bbox 1546 1955 1662 2054; x_wconf 90' lang='lat' dir='ltr'>ijdem</span> <span class='ocrx_word' id='word_1_108' title='bbox 1680 1954 1862 2054; x_wconf 82' lang='lat' dir='ltr'>Religiofi</span> 
     </span>
     <span class='ocr_line' id='line_1_11' title="bbox 426 2100 1862 2193; baseline -0.001 -20"><span class='ocrx_word' id='word_1_109' title='bbox 426 2107 471 2176; x_wconf 74' lang='lat' dir='ltr'>,vi</span> <span class='ocrx_word' id='word_1_110' title='bbox 487 2103 579 2180; x_wconf 73' lang='lat' dir='ltr'>db&#39;us</span> <span class='ocrx_word' id='word_1_111' title='bbox 603 2127 676 2193; x_wconf 66' lang='lat' dir='ltr'>eoa</span> <span class='ocrx_word' id='word_1_112' title='bbox 691 2112 905 2182; x_wconf 86' lang='lat' dir='ltr'>actoruatus</span> <span class='ocrx_word' id='word_1_113' title='bbox 931 2104 999 2178; x_wconf 85' lang='lat' dir='ltr'>dea</span> <span class='ocrx_word' id='word_1_114' title='bbox 1023 2103 1149 2178; x_wconf 88' lang='lat' dir='ltr'>debita</span> <span class='ocrx_word' id='word_1_115' title='bbox 1174 2104 1243 2180; x_wconf 83' lang='lat' dir='ltr'>sibi</span> <span class='ocrx_word' id='word_1_116' title='bbox 1268 2103 1397 2178; x_wconf 92' lang='lat' dir='ltr'>deberi</span> <span class='ocrx_word' id='word_1_117' title='bbox 1412 2129 1425 2176; x_wconf 80' lang='lat' dir='ltr'>r</span> <span class='ocrx_word' id='word_1_118' title='bbox 1439 2102 1486 2176; x_wconf 93' lang='lat' dir='ltr'>ab</span> <span class='ocrx_word' id='word_1_119' title='bbox 1501 2100 1618 2176; x_wconf 86' lang='lat' dir='ltr'>eisdm</span> <span class='ocrx_word' id='word_1_120' title='bbox 1635 2128 1645 2175; x_wconf 76' lang='grc' dir='ltr'><em>ι</em></span> <span class='ocrx_word' id='word_1_121' title='bbox 1661 2101 1862 2176; x_wconf 80' lang='lat' dir='ltr'>racionabi.</span> 
     </span>
     <span class='ocr_line' id='line_1_12' title="bbox 431 2221 1864 2348; baseline -0.003 -24"><span class='ocrx_word' id='word_1_122' title='bbox 431 2221 503 2324; x_wconf 61' lang='lat' dir='ltr'>liii</span> <span class='ocrx_word' id='word_1_123' title='bbox 517 2249 672 2347; x_wconf 88' lang='lat' dir='ltr'>probare</span> <span class='ocrx_word' id='word_1_124' title='bbox 688 2224 831 2348; x_wconf 63' lang='lat' dir='ltr'>po‘tbut</span> <span class='ocrx_word' id='word_1_125' title='bbox 848 2248 909 2323; x_wconf 88' lang='lat' dir='ltr'>vel</span> <span class='ocrx_word' id='word_1_126' title='bbox 930 2223 1037 2348; x_wconf 69' lang='lat' dir='ltr'>poi’it</span> <span class='ocrx_word' id='word_1_127' title='bbox 1061 2273 1185 2324; x_wconf 86' lang='lat' dir='ltr'>coram</span> <span class='ocrx_word' id='word_1_128' title='bbox 1201 2250 1254 2324; x_wconf 89' lang='lat' dir='ltr'>eis</span> <span class='ocrx_word' id='word_1_129' title='bbox 1268 2255 1280 2325; x_wconf 91' lang='grc' dir='ltr'>Ξ</span> <span class='ocrx_word' id='word_1_130' title='bbox 1296 2259 1410 2348; x_wconf 87' lang='lat' dir='ltr'>prout</span> <span class='ocrx_word' id='word_1_131' title='bbox 1434 2248 1576 2322; x_wconf 90' lang='lat' dir='ltr'>iustum</span> <span class='ocrx_word' id='word_1_132' title='bbox 1600 2223 1678 2322; x_wconf 75' lang='lat' dir='ltr'>fiiis</span> <span class='ocrx_word' id='word_1_133' title='bbox 1701 2247 1864 2347; x_wconf 80' lang='lat' dir='ltr'>compel-</span> 
     </span>
     <span class='ocr_line' id='line_1_13' title="bbox 433 2393 1866 2493; baseline -0.006 -19"><span class='ocrx_word' id='word_1_134' title='bbox 433 2395 514 2474; x_wconf 82' lang='lat' dir='ltr'>lant</span> <span class='ocrx_word' id='word_1_135' title='bbox 527 2421 541 2469; x_wconf 83' lang='lat' dir='ltr'>r</span> <span class='ocrx_word' id='word_1_136' title='bbox 556 2395 616 2468; x_wconf 84' lang='lat' dir='ltr'>ltu</span> <span class='ocrx_word' id='word_1_137' title='bbox 632 2394 685 2493; x_wconf 82' lang='lat' dir='ltr'>qd</span> <span class='ocrx_word' id='word_1_138' title='bbox 709 2418 780 2493; x_wconf 90' lang='lat' dir='ltr'>pro</span> <span class='ocrx_word' id='word_1_139' title='bbox 803 2394 963 2484; x_wconf 68' lang='lat' dir='ltr'>eosdem</span> <span class='ocrx_word' id='word_1_140' title='bbox 982 2394 1094 2469; x_wconf 72' lang='lat' dir='ltr'>defi‘u</span> <span class='ocrx_word' id='word_1_141' title='bbox 1112 2422 1124 2468; x_wconf 80' lang='lat' dir='ltr'>r</span> <span class='ocrx_word' id='word_1_142' title='bbox 1139 2394 1301 2492; x_wconf 89' lang='lat' dir='ltr'>amplius</span> <span class='ocrx_word' id='word_1_143' title='bbox 1326 2394 1414 2468; x_wconf 90' lang='lat' dir='ltr'>inde</span> <span class='ocrx_word' id='word_1_144' title='bbox 1439 2394 1573 2470; x_wconf 87' lang='lat' dir='ltr'>iustam</span> <span class='ocrx_word' id='word_1_145' title='bbox 1589 2393 1866 2492; x_wconf 88' lang='lat' dir='ltr'>querimoniam</span> 
     </span>
     <span class='ocr_line' id='line_1_14' title="bbox 435 2513 1876 2616; baseline -0.001 -2"><span class='ocrx_word' id='word_1_146' title='bbox 435 2565 511 2614; x_wconf 89' lang='lat' dir='ltr'>uon</span> <span class='ocrx_word' id='word_1_147' title='bbox 538 2540 735 2615; x_wconf 81' lang='lat' dir='ltr'>audiamus</span> <span class='ocrx_word' id='word_1_148' title='bbox 754 2580 763 2599; x_wconf 92' lang='lat'><strong>·</strong></span> <span class='ocrx_word' id='word_1_149' title='bbox 783 2539 829 2613; x_wconf 90' lang='lat' dir='ltr'>ln</span> <span class='ocrx_word' id='word_1_150' title='bbox 858 2541 965 2615; x_wconf 88' lang='lat' dir='ltr'>cuius</span> <span class='ocrx_word' id='word_1_151' title='bbox 993 2540 1068 2614; x_wconf 89' lang='lat' dir='ltr'>Rei</span> <span class='ocrx_word' id='word_1_152' title='bbox 1096 2541 1335 2616; x_wconf 73' lang='lat' dir='ltr'>testimonib}</span> <span class='ocrx_word' id='word_1_153' title='bbox 1352 2539 1417 2612; x_wconf 89' lang='lat' dir='ltr'>bas</span> <span class='ocrx_word' id='word_1_154' title='bbox 1444 2513 1548 2613; x_wconf 55' lang='lat' dir='ltr'>litias</span> <span class='ocrx_word' id='word_1_155' title='bbox 1578 2541 1661 2614; x_wconf 72' lang='lat' dir='ltr'>iiras</span> <span class='ocrx_word' id='word_1_156' title='bbox 1688 2537 1759 2612; x_wconf 91' lang='lat' dir='ltr'>sibi</span> <span class='ocrx_word' id='word_1_157' title='bbox 1785 2538 1876 2613; x_wconf 80' lang='lat' dir='ltr'>fieri.</span> 
     </span>
     <span class='ocr_line' id='line_1_15' title="bbox 434 2684 1863 2784; baseline 0.001 -24"><span class='ocrx_word' id='word_1_158' title='bbox 434 2686 566 2763; x_wconf 69' lang='lat' dir='ltr'>secius</span> <span class='ocrx_word' id='word_1_159' title='bbox 596 2694 765 2783; x_wconf 87' lang='lat' dir='ltr'>patentes</span> <span class='ocrx_word' id='word_1_160' title='bbox 795 2695 937 2782; x_wconf 83' lang='lat' dir='ltr'>ppetuu</span> <span class='ocrx_word' id='word_1_161' title='bbox 966 2685 1185 2760; x_wconf 86' lang='lat' dir='ltr'>duraturas·</span> <span class='ocrx_word' id='word_1_162' title='bbox 1200 2684 1281 2774; x_wconf 80' lang='lat' dir='ltr'>Dai</span> <span class='ocrx_word' id='word_1_163' title='bbox 1307 2685 1410 2783; x_wconf 89' lang='lat' dir='ltr'>apud</span> <span class='ocrx_word' id='word_1_164' title='bbox 1443 2684 1637 2784; x_wconf 71' lang='lat' dir='ltr'>Kilwinyn</span> <span class='ocrx_word' id='word_1_165' title='bbox 1657 2711 1670 2758; x_wconf 78' lang='lat' dir='ltr'><em>t</em></span> <span class='ocrx_word' id='word_1_166' title='bbox 1691 2685 1863 2776; x_wconf 73' lang='lat' dir='ltr'>vicesimo</span> 
     </span>
     <span class='ocr_line' id='line_1_16' title="bbox 434 2829 1406 2930; baseline -0.003 -24"><span class='ocrx_word' id='word_1_167' title='bbox 434 2834 580 2914; x_wconf 88' lang='lat' dir='ltr'>Octauo</span> <span class='ocrx_word' id='word_1_168' title='bbox 597 2831 658 2904; x_wconf 85' lang='lat' dir='ltr'>die</span> <span class='ocrx_word' id='word_1_169' title='bbox 674 2831 700 2906; x_wconf 91' lang='lat' dir='ltr'>J</span> <span class='ocrx_word' id='word_1_170' title='bbox 704 2830 781 2928; x_wconf 89' lang='lat' dir='ltr'>unij</span> <span class='ocrx_word' id='word_1_171' title='bbox 797 2873 807 2893; x_wconf 89' lang='lat'><strong>·</strong></span> <span class='ocrx_word' id='word_1_172' title='bbox 823 2831 940 2906; x_wconf 88' lang='lat' dir='ltr'>Auno</span> <span class='ocrx_word' id='word_1_173' title='bbox 959 2830 1087 2930; x_wconf 84' lang='lat' dir='ltr'>Regni</span> <span class='ocrx_word' id='word_1_174' title='bbox 1105 2831 1161 2906; x_wconf 76' lang='lat' dir='ltr'>bri</span> <span class='ocrx_word' id='word_1_175' title='bbox 1178 2829 1406 2908; x_wconf 87' lang='lat' dir='ltr'>vndeciruo·</span> 
     </span>
    </p>
   </div>
   <div class='ocr_carea' id='block_1_3' title="bbox 436 3115 1861 3224">
    <p class='ocr_par' dir='ltr' id='par_1_3' title="bbox 436 3115 1861 3224">
     <span class='ocr_line' id='line_1_17' title="bbox 436 3115 1861 3224; baseline 0.002 -26"><span class='ocrx_word' id='word_1_176' title='bbox 436 3125 548 3201; x_wconf 81' lang='lat' dir='ltr'>Carta</span> <span class='ocrx_word' id='word_1_177' title='bbox 563 3123 721 3201; x_wconf 81' lang='lat' dir='ltr'>Roberti</span> <span class='ocrx_word' id='word_1_178' title='bbox 741 3125 861 3224; x_wconf 84' lang='lat' dir='ltr'>Regis</span> <span class='ocrx_word' id='word_1_179' title='bbox 873 3124 995 3202; x_wconf 86' lang='lat' dir='ltr'>Scotie</span> <span class='ocrx_word' id='word_1_180' title='bbox 1011 3124 1059 3199; x_wconf 90' lang='lat' dir='ltr'>de</span> <span class='ocrx_word' id='word_1_181' title='bbox 1075 3119 1277 3200; x_wconf 67' lang='lat' dir='ltr'>ffundame‘</span> <span class='ocrx_word' id='word_1_182' title='bbox 1290 3115 1402 3200; x_wconf 89' lang='lat' dir='ltr'>Noue</span> <span class='ocrx_word' id='word_1_183' title='bbox 1420 3124 1581 3202; x_wconf 85' lang='lat' dir='ltr'>Ecclefie</span> <span class='ocrx_word' id='word_1_184' title='bbox 1598 3126 1646 3201; x_wconf 92' lang='lat' dir='ltr'>de</span> <span class='ocrx_word' id='word_1_185' title='bbox 1663 3127 1828 3214; x_wconf 67' lang='lat' dir='ltr'>melros·</span> <span class='ocrx_word' id='word_1_186' title='bbox 1856 3184 1861 3193; x_wconf 90' lang='lat'>.</span> 
     </span>
    </p>
   </div>
   <div class='ocr_carea' id='block_1_4' title="bbox 427 3391 1872 4991">
    <p class='ocr_par' dir='ltr' id='par_1_4' title="bbox 427 3391 1872 4991">
     <span class='ocr_line' id='line_1_18' title="bbox 432 3391 1865 3517; baseline -0.005 -19"><span class='ocrx_word' id='word_1_187' title='bbox 432 3399 594 3498; x_wconf 80' lang='lat' dir='ltr'>-Rostus</span> <span class='ocrx_word' id='word_1_188' title='bbox 612 3418 672 3491; x_wconf 89' lang='lat' dir='ltr'>dei</span> <span class='ocrx_word' id='word_1_189' title='bbox 683 3424 752 3517; x_wconf 83' lang='lat' dir='ltr'>gia</span> <span class='ocrx_word' id='word_1_190' title='bbox 765 3417 852 3493; x_wconf 84' lang='lat' dir='ltr'>Rex</span> <span class='ocrx_word' id='word_1_191' title='bbox 866 3419 1022 3508; x_wconf 66' lang='lat' dir='ltr'>Scottoa</span> <span class='ocrx_word' id='word_1_192' title='bbox 1034 3459 1043 3480; x_wconf 90' lang='lat'><strong>·</strong></span> <span class='ocrx_word' id='word_1_193' title='bbox 1057 3416 1216 3493; x_wconf 74' lang='lat' dir='ltr'>Oibibus</span> <span class='ocrx_word' id='word_1_194' title='bbox 1233 3415 1360 3517; x_wconf 88' lang='lat' dir='ltr'>probis</span> <span class='ocrx_word' id='word_1_195' title='bbox 1376 3416 1551 3493; x_wconf 86' lang='lat' dir='ltr'>homibus</span> <span class='ocrx_word' id='word_1_196' title='bbox 1568 3419 1687 3494; x_wconf 85' lang='lat' dir='ltr'>tocius</span> <span class='ocrx_word' id='word_1_197' title='bbox 1698 3391 1759 3494; x_wconf 70' lang='lat' dir='ltr'>ire</span> <span class='ocrx_word' id='word_1_198' title='bbox 1776 3442 1865 3494; x_wconf 73' lang='lat' dir='ltr'>sue·</span> 
     </span>
     <span class='ocr_line' id='line_1_19' title="bbox 435 3562 1866 3663; baseline 0.004 -26"><span class='ocrx_word' id='word_1_199' title='bbox 435 3563 587 3638; x_wconf 86' lang='lat' dir='ltr'>Clericis</span> <span class='ocrx_word' id='word_1_200' title='bbox 611 3575 650 3649; x_wconf 79' lang='lat' dir='ltr'>et</span> <span class='ocrx_word' id='word_1_201' title='bbox 673 3562 801 3641; x_wconf 69' lang='lat' dir='ltr'>laicis}</span> <span class='ocrx_word' id='word_1_202' title='bbox 821 3563 989 3639; x_wconf 76' lang='lat' dir='ltr'>Salutem</span> <span class='ocrx_word' id='word_1_203' title='bbox 1006 3618 1016 3637; x_wconf 90' lang='lat'><strong>.</strong></span> <span class='ocrx_word' id='word_1_204' title='bbox 1035 3563 1166 3638; x_wconf 83' lang='lat' dir='ltr'>Sciatis</span> <span class='ocrx_word' id='word_1_205' title='bbox 1192 3589 1219 3661; x_wconf 78' lang='lat' dir='ltr'>q</span> <span class='ocrx_word' id='word_1_206' title='bbox 1243 3586 1311 3662; x_wconf 88' lang='lat' dir='ltr'>pro</span> <span class='ocrx_word' id='word_1_207' title='bbox 1329 3562 1449 3640; x_wconf 85' lang='lat' dir='ltr'>salute</span> <span class='ocrx_word' id='word_1_208' title='bbox 1473 3564 1597 3640; x_wconf 89' lang='lat' dir='ltr'>anime</span> <span class='ocrx_word' id='word_1_209' title='bbox 1621 3565 1689 3640; x_wconf 82' lang='lat' dir='ltr'>ii&#39;re</span> <span class='ocrx_word' id='word_1_210' title='bbox 1704 3591 1717 3637; x_wconf 79' lang='lat' dir='ltr'><em>t</em></span> <span class='ocrx_word' id='word_1_211' title='bbox 1732 3575 1771 3641; x_wconf 86' lang='lat' dir='ltr'>et</span> <span class='ocrx_word' id='word_1_212' title='bbox 1799 3591 1866 3663; x_wconf 84' lang='lat' dir='ltr'>pm</span> 
     </span>
     <span class='ocr_line' id='line_1_20' title="bbox 435 3708 1870 3810; baseline 0.003 -27"><span class='ocrx_word' id='word_1_213' title='bbox 435 3710 554 3785; x_wconf 86' lang='lat' dir='ltr'>salute</span> <span class='ocrx_word' id='word_1_214' title='bbox 577 3711 730 3798; x_wconf 67' lang='lat' dir='ltr'>animoa</span> <span class='ocrx_word' id='word_1_215' title='bbox 745 3709 851 3784; x_wconf 80' lang='lat' dir='ltr'>bium</span> <span class='ocrx_word' id='word_1_216' title='bbox 867 3708 1073 3799; x_wconf 70' lang='lat' dir='ltr'>antecefl‘oo</span> <span class='ocrx_word' id='word_1_217' title='bbox 1090 3720 1129 3784; x_wconf 91' lang='lat' dir='ltr'>et</span> <span class='ocrx_word' id='word_1_218' title='bbox 1145 3709 1330 3804; x_wconf 70' lang='lat' dir='ltr'>succeffou</span> <span class='ocrx_word' id='word_1_219' title='bbox 1347 3713 1441 3802; x_wconf 70' lang='lat' dir='ltr'>brou</span> <span class='ocrx_word' id='word_1_220' title='bbox 1459 3711 1611 3810; x_wconf 86' lang='lat' dir='ltr'>Regum</span> <span class='ocrx_word' id='word_1_221' title='bbox 1627 3712 1731 3787; x_wconf 65' lang='lat' dir='ltr'>Sooo‘</span> <span class='ocrx_word' id='word_1_222' title='bbox 1744 3755 1754 3775; x_wconf 87' lang='lat'><strong>·</strong></span> <span class='ocrx_word' id='word_1_223' title='bbox 1766 3721 1804 3787; x_wconf 85' lang='lat' dir='ltr'>et</span> <span class='ocrx_word' id='word_1_224' title='bbox 1821 3714 1870 3787; x_wconf 91' lang='lat' dir='ltr'>ad</span> 
     </span>
     <span class='ocr_line' id='line_1_21' title="bbox 434 3854 1867 3956; baseline 0.003 -26"><span class='ocrx_word' id='word_1_225' title='bbox 434 3855 614 3931; x_wconf 86' lang='lat' dir='ltr'>honorem</span> <span class='ocrx_word' id='word_1_226' title='bbox 640 3854 700 3929; x_wconf 88' lang='lat' dir='ltr'>dei</span> <span class='ocrx_word' id='word_1_227' title='bbox 725 3867 765 3928; x_wconf 89' lang='lat' dir='ltr'>et</span> <span class='ocrx_word' id='word_1_228' title='bbox 790 3854 906 3929; x_wconf 78' lang='lat' dir='ltr'>beate.</span> <span class='ocrx_word' id='word_1_229' title='bbox 923 3857 1042 3942; x_wconf 69' lang='lat' dir='ltr'>marie</span> <span class='ocrx_word' id='word_1_230' title='bbox 1067 3857 1223 3956; x_wconf 82' lang='lat' dir='ltr'>virginis</span> <span class='ocrx_word' id='word_1_231' title='bbox 1238 3899 1247 3918; x_wconf 90' lang='lat'><strong>·</strong></span> <span class='ocrx_word' id='word_1_232' title='bbox 1261 3865 1299 3930; x_wconf 84' lang='lat' dir='ltr'>et</span> <span class='ocrx_word' id='word_1_233' title='bbox 1316 3857 1421 3934; x_wconf 76' lang='lat' dir='ltr'>bium</span> <span class='ocrx_word' id='word_1_234' title='bbox 1440 3859 1537 3949; x_wconf 66' lang='lat' dir='ltr'>Sicu</span> <span class='ocrx_word' id='word_1_235' title='bbox 1562 3868 1601 3931; x_wconf 86' lang='lat' dir='ltr'>et</span> <span class='ocrx_word' id='word_1_236' title='bbox 1628 3858 1677 3933; x_wconf 89' lang='lat' dir='ltr'>ad</span> <span class='ocrx_word' id='word_1_237' title='bbox 1694 3857 1867 3934; x_wconf 80' lang='lat' dir='ltr'>decorem</span> 
     </span>
     <span class='ocr_line' id='line_1_22' title="bbox 434 3975 1864 4105; baseline -0.001 -24"><span class='ocrx_word' id='word_1_238' title='bbox 434 4010 492 4081; x_wconf 63' lang='lat' dir='ltr'>sce</span> <span class='ocrx_word' id='word_1_239' title='bbox 510 4003 642 4086; x_wconf 69' lang='lat' dir='ltr'>ssiatris</span> <span class='ocrx_word' id='word_1_240' title='bbox 670 4002 799 4080; x_wconf 81' lang='lat' dir='ltr'>Eoeiie</span> <span class='ocrx_word' id='word_1_241' title='bbox 822 4002 864 4076; x_wconf 89' lang='lat' dir='ltr'>in</span> <span class='ocrx_word' id='word_1_242' title='bbox 889 4002 1094 4082; x_wconf 77' lang='lat' dir='ltr'>subsidium</span> <span class='ocrx_word' id='word_1_243' title='bbox 1119 4002 1272 4078; x_wconf 86' lang='lat' dir='ltr'>ffabrioe</span> <span class='ocrx_word' id='word_1_244' title='bbox 1296 4003 1425 4077; x_wconf 84' lang='lat' dir='ltr'>Eociie</span> <span class='ocrx_word' id='word_1_245' title='bbox 1451 3975 1634 4105; x_wconf 57' lang='lat' dir='ltr'>monaffij</span> <span class='ocrx_word' id='word_1_246' title='bbox 1659 4003 1707 4077; x_wconf 91' lang='lat' dir='ltr'>de</span> <span class='ocrx_word' id='word_1_247' title='bbox 1724 4004 1864 4089; x_wconf 66' lang='lat' dir='ltr'>melros</span> 
     </span>
     <span class='ocr_line' id='line_1_23' title="bbox 427 4132 1869 4246; baseline 0.007 -26"><span class='ocrx_word' id='word_1_248' title='bbox 427 4148 483 4226; x_wconf 84' lang='lat' dir='ltr'>de</span> <span class='ocrx_word' id='word_1_249' title='bbox 509 4171 610 4228; x_wconf 88' lang='lat' dir='ltr'>nouo</span> <span class='ocrx_word' id='word_1_250' title='bbox 636 4146 880 4223; x_wconf 80' lang='lat' dir='ltr'>construendo</span> <span class='ocrx_word' id='word_1_251' title='bbox 895 4153 905 4223; x_wconf 86' lang='grc' dir='ltr'>Ξ</span> <span class='ocrx_word' id='word_1_252' title='bbox 923 4146 1376 4225; x_wconf 81' lang='lat' dir='ltr'>dedimusrconoeffimus</span> <span class='ocrx_word' id='word_1_253' title='bbox 1401 4157 1440 4223; x_wconf 86' lang='lat' dir='ltr'>et</span> <span class='ocrx_word' id='word_1_254' title='bbox 1465 4174 1489 4242; x_wconf 81' lang='lat' dir='ltr'>p</span> <span class='ocrx_word' id='word_1_255' title='bbox 1515 4132 1660 4246; x_wconf 70' lang='lat' dir='ltr'>{irenses</span> <span class='ocrx_word' id='word_1_256' title='bbox 1686 4152 1759 4226; x_wconf 83' lang='lat' dir='ltr'>iras</span> <span class='ocrx_word' id='word_1_257' title='bbox 1788 4151 1869 4230; x_wconf 73' lang='lat' dir='ltr'>stas</span> 
     </span>
     <span class='ocr_line' id='line_1_24' title="bbox 428 4270 1870 4396; baseline 0.002 -25"><span class='ocrx_word' id='word_1_258' title='bbox 428 4294 726 4375; x_wconf 56' lang='lat' dir='ltr'>-mnffmauimus</span> <span class='ocrx_word' id='word_1_259' title='bbox 752 4292 949 4393; x_wconf 85' lang='lat' dir='ltr'>Religiosrs</span> <span class='ocrx_word' id='word_1_260' title='bbox 973 4294 1063 4368; x_wconf 88' lang='lat' dir='ltr'>viris</span> <span class='ocrx_word' id='word_1_261' title='bbox 1083 4293 1186 4368; x_wconf 86' lang='lat' dir='ltr'>Abbi</span> <span class='ocrx_word' id='word_1_262' title='bbox 1211 4302 1250 4370; x_wconf 88' lang='lat' dir='ltr'>et</span> <span class='ocrx_word' id='word_1_263' title='bbox 1276 4294 1458 4372; x_wconf 80' lang='lat' dir='ltr'>conentui</span> <span class='ocrx_word' id='word_1_264' title='bbox 1486 4279 1574 4392; x_wconf 73' lang='lat' dir='ltr'>dei</span> <span class='ocrx_word' id='word_1_265' title='bbox 1604 4270 1790 4396; x_wconf 65' lang='lat' dir='ltr'>monasiij</span> <span class='ocrx_word' id='word_1_266' title='bbox 1823 4300 1870 4395; x_wconf 78' lang='lat' dir='ltr'>do</span> 
     </span>
     <span class='ocr_line' id='line_1_25' title="bbox 435 4418 1870 4541; baseline 0.009 -29"><span class='ocrx_word' id='word_1_267' title='bbox 435 4440 575 4525; x_wconf 73' lang='lat' dir='ltr'>melros</span> <span class='ocrx_word' id='word_1_268' title='bbox 590 4480 600 4500; x_wconf 91' lang='lat'><strong>·</strong></span> <span class='ocrx_word' id='word_1_269' title='bbox 614 4439 756 4513; x_wconf 90' lang='lat' dir='ltr'>Omnes</span> <span class='ocrx_word' id='word_1_270' title='bbox 782 4439 945 4513; x_wconf 82' lang='lat' dir='ltr'>Wardas</span> <span class='ocrx_word' id='word_1_271' title='bbox 960 4463 973 4511; x_wconf 80' lang='lat' dir='ltr'>r</span> <span class='ocrx_word' id='word_1_272' title='bbox 988 4437 1174 4515; x_wconf 76' lang='lat' dir='ltr'>Releuiar</span> <span class='ocrx_word' id='word_1_273' title='bbox 1190 4438 1389 4539; x_wconf 71' lang='lat' dir='ltr'>maritagio</span> <span class='ocrx_word' id='word_1_274' title='bbox 1402 4481 1412 4505; x_wconf 84' lang='lat'><strong>·</strong></span> <span class='ocrx_word' id='word_1_275' title='bbox 1427 4439 1599 4519; x_wconf 85' lang='lat' dir='ltr'>Escaetas</span> <span class='ocrx_word' id='word_1_276' title='bbox 1623 4441 1717 4518; x_wconf 87' lang='lat' dir='ltr'>fines</span> <span class='ocrx_word' id='word_1_277' title='bbox 1737 4418 1870 4541; x_wconf 56' lang='lat' dir='ltr'>abidae</span> 
     </span>
     <span class='ocr_line' id='line_1_26' title="bbox 427 4585 1872 4686; baseline 0.003 -24"><span class='ocrx_word' id='word_1_278' title='bbox 427 4595 562 4662; x_wconf 86' lang='lat' dir='ltr'>menta</span> <span class='ocrx_word' id='word_1_279' title='bbox 578 4586 706 4660; x_wconf 86' lang='lat' dir='ltr'>exitus</span> <span class='ocrx_word' id='word_1_280' title='bbox 721 4595 761 4659; x_wconf 87' lang='lat' dir='ltr'>et</span> <span class='ocrx_word' id='word_1_281' title='bbox 777 4585 936 4684; x_wconf 81' lang='lat' dir='ltr'>pquisrte</span> <span class='ocrx_word' id='word_1_282' title='bbox 954 4586 1093 4676; x_wconf 68' lang='lat' dir='ltr'>Curias</span> <span class='ocrx_word' id='word_1_283' title='bbox 1120 4593 1197 4659; x_wconf 88' lang='lat' dir='ltr'>tam</span> <span class='ocrx_word' id='word_1_284' title='bbox 1215 4585 1241 4659; x_wconf 86' lang='lat' dir='ltr'>J</span> <span class='ocrx_word' id='word_1_285' title='bbox 1245 4585 1426 4668; x_wconf 87' lang='lat' dir='ltr'>usticiarie</span> <span class='ocrx_word' id='word_1_286' title='bbox 1441 4588 1486 4686; x_wconf 51' lang='lat' dir='ltr'>q?</span> <span class='ocrx_word' id='word_1_287' title='bbox 1506 4587 1788 4666; x_wconf 74' lang='lat' dir='ltr'>vicecomitatus</span> <span class='ocrx_word' id='word_1_288' title='bbox 1805 4617 1872 4667; x_wconf 88' lang='lat' dir='ltr'>uos</span> 
     </span>
     <span class='ocr_line' id='line_1_27' title="bbox 431 4703 1870 4843; baseline 0.006 -37"><span class='ocrx_word' id='word_1_289' title='bbox 431 4742 473 4820; x_wconf 73' lang='lat' dir='ltr'>et</span> <span class='ocrx_word' id='word_1_290' title='bbox 496 4731 650 4822; x_wconf 82' lang='lat' dir='ltr'>heredes</span> <span class='ocrx_word' id='word_1_291' title='bbox 677 4733 762 4815; x_wconf 76' lang='lat' dir='ltr'>bros</span> <span class='ocrx_word' id='word_1_292' title='bbox 790 4703 994 4832; x_wconf 55' lang='lat' dir='ltr'>q‘lii&#39;cunq,</span> <span class='ocrx_word' id='word_1_293' title='bbox 1011 4731 1282 4843; x_wconf 68' lang='lat' dir='ltr'>¹coritiugencia</span> <span class='ocrx_word' id='word_1_294' title='bbox 1307 4732 1390 4806; x_wconf 59' lang='lat' dir='ltr'>ini*</span> <span class='ocrx_word' id='word_1_295' title='bbox 1411 4743 1537 4810; x_wconf 73' lang='lat' dir='ltr'>uotum</span> <span class='ocrx_word' id='word_1_296' title='bbox 1565 4736 1870 4815; x_wconf 78' lang='lat' dir='ltr'>vicecomitatum</span> 
     </span>
     <span class='ocr_line' id='line_1_28' title="bbox 434 4877 1864 4991; baseline 0.001 -34"><span class='ocrx_word' id='word_1_297' title='bbox 434 4886 520 4958; x_wconf 77' lang='lat' dir='ltr'>uim</span> <span class='ocrx_word' id='word_1_298' title='bbox 544 4879 593 4955; x_wconf 89' lang='lat' dir='ltr'>de</span> <span class='ocrx_word' id='word_1_299' title='bbox 618 4877 834 4979; x_wconf 78' lang='lat' dir='ltr'>Roxburgh</span> <span class='ocrx_word' id='word_1_300' title='bbox 848 4919 859 4940; x_wconf 88' lang='lat'><strong>·</strong></span> <span class='ocrx_word' id='word_1_301' title='bbox 873 4877 1030 4954; x_wconf 87' lang='lat' dir='ltr'>Tenend</span> <span class='ocrx_word' id='word_1_302' title='bbox 1055 4889 1094 4955; x_wconf 87' lang='lat' dir='ltr'>et</span> <span class='ocrx_word' id='word_1_303' title='bbox 1119 4879 1301 4963; x_wconf 74' lang='lat' dir='ltr'>habenda·</span> <span class='ocrx_word' id='word_1_304' title='bbox 1315 4880 1451 4964; x_wconf 87' lang='lat' dir='ltr'>eisdem</span> <span class='ocrx_word' id='word_1_305' title='bbox 1469 4882 1573 4962; x_wconf 82' lang='lat' dir='ltr'>Abbi</span> <span class='ocrx_word' id='word_1_306' title='bbox 1594 4893 1633 4964; x_wconf 87' lang='lat' dir='ltr'>et</span> <span class='ocrx_word' id='word_1_307' title='bbox 1657 4887 1864 4991; x_wconf 66' lang='lat' dir='ltr'>consumi}</span> 
     </span>
    </p>
   </div>
   <div class='ocr_carea' id='block_1_5' title="bbox 0 0 2205 5888">
    <p class='ocr_par' dir='ltr' id='par_1_5' title="bbox 0 0 2205 5888">
     <span class='ocr_line' id='line_1_29' title="bbox 0 0 2205 5888; baseline 0 0"><span class='ocrx_word' id='word_1_308' title='bbox 0 0 2205 5888; x_wconf 95' lang='lat' dir='ltr'> </span> 
     </span>
    </p>
   </div>
  </div>
 </body>
</html>
