4394 5872
1001 602 1073 680 xxi

316 812 369 875 20.
392 810 581 893 Preeeptum
598 807 699 872 sasine
712 806 861 896 ejusdem.
909 809 1001 896 On‘g.

243 963 250 976 ·
317 934 369 997 21.
393 934 491 998 Carta
505 929 681 996 Alexandri
696 928 737 995 de
753 929 891 994 Hauden
907 928 947 994 (le
963 944 1044 994 terra
1060 928 1091 993 in
1108 929 1252 994 Ylifstun
1270 931 1395 994 vendita
1410 931 1573 997 Monacho
1596 945 1686 1019 porte
1708 934 1747 997 de

317 1054 439 1120 Melms
452 1065 484 1118 et
498 1052 724 1118 successoribus
739 1050 816 1139 ejus.
863 1051 955 1138 Orig.

315 1178 368 1240 29.
392 1178 489 1242 Carta
499 1173 654 1239 Willelmi
666 1173 706 1238 de
722 1171 937 1259 Sprowistoun
952 1171 1114 1260 capellani,
1131 1172 1171 1238 de
1186 1185 1268 1239 terra
1278 1174 1310 1238 in
1321 1175 1421 1239 Molle
1432 1197 1494 1261 que
1510 1177 1570 1242 fuit
1587 1177 1746 1261 quondam

321 1299 447 1367 Amicie
461 1297 501 1365 de
515 1297 645 1386 apella,
661 1319 732 1362 cum
749 1295 882 1362 servitiis
895 1294 1084 1361 leofatorum
1098 1296 1131 1360 in
1146 1295 1231 1361 dicto
1246 1309 1429 1363 tenemento.
1478 1301 1569 1387 Orig.

313 1424 365 1488 23.
391 1424 486 1488 Carta
502 1421 627 1486 Thome
642 1418 806 1506 Ranulphi
831 1418 872 1482 de
886 1441 940 1482 sex
955 1419 1067 1483 marcis
1088 1420 1249 1485 annuatim
1274 1419 1315 1485 de
1338 1420 1435 1485 firmis
1450 1422 1490 1484 de
1506 1423 1682 1509 Redepeth‚
1703 1424 1745 1488 ad

312 1540 513 1609 inveniendas
534 1541 633 1629 pisces
655 1539 823 1605 eonventui
846 1537 971 1604 duobus
993 1539 1105 1605 diebus
1119 1540 1260 1629 qualibet
1280 1540 1477 1607 hebdomada
1490 1543 1737 1629 quadragesime.

315 1668 405 1752 On‘g.
1152 1699 1158 1708 -

311 1793 363 1855 24.
388 1789 503 1872 Quieta
531 1789 676 1856 clematio
697 1788 811 1855 Jacobi
840 1790 1006 1856 senescalli
1038 1788 1141 1855 Scotie
1170 1789 1209 1853 de
1235 1788 1343 1854 desem
1373 1789 1479 1855 solidis
1510 1812 1591 1876 quos
1622 1791 1743 1854 Melsos

308 1910 473 1978 consuevit
487 1911 649 1976 annuatim
665 1910 784 1976 solvere
798 1932 856 1997 pro
871 1927 954 1975 terra
968 1910 1001 1976 in
1015 1910 1146 1976 baronia
1159 1908 1200 1974 de
1216 1908 1376 1974 Inuirwic.
1422 1912 1514 1999 On'g.

310 2037 363 2100 25.
387 2036 484 2100 Carta
497 2034 573 2100 Ade
595 2032 636 2098 de
661 2033 801 2120 Glesgeu
816 2032 980 2120 burgensis
1001 2031 1042 2097 de
1058 2034 1189 2108 Berwic,
1212 2033 1252 2096 de
1275 2033 1382 2097 decem
1406 2033 1485 2097 acris
1511 2047 1593 2099 terre
1615 2033 1741 2101 arabilis

312 2179 375 2243 que
390 2168 540 2222 vocantur
555 2153 738 2221 Hiddeslnw
760 2154 793 2219 in
815 2168 990 2221 tenemento
1005 2153 1045 2220 de
1061 2154 1263 2242 Bondington
1274 2156 1372 2242 juxta
1388 2156 1571 2220 Berwicum.
1616 2159 1739 2244 Regist.

311 2289 420 2346 recent.

310 2401 365 2469 26.
390 2404 487 2468 Carta
501 2400 678 2467 Alexandri
690 2403 714 2466 J
715 2400 824 2466 ocelim
839 2400 1005 2488 burgensis
1013 2400 1055 2465 de
1067 2400 1184 2479 Peblis‚
1200 2398 1240 2464 de
1255 2412 1337 2466 terra
1352 2401 1383 2464 in
1393 2401 1532 2466 cornerio
1543 2400 1582 2464 de
1592 2402 1742 2488 Briggate

311 2526 342 2590 in
357 2524 432 2590 villa
446 2524 487 2590 de
502 2525 631 2591 Bernic.
677 2524 800 2613 Bag-int.
816 2535 924 2591 recent.
962 2620 964 2624 .

311 2652 363 2716 27.
389 2652 485 2715 Carta
501 2649 641 2713 Mariote
654 2647 695 2713 de
711 2647 880 2726 monachis,
892 2646 932 2712 de
945 2658 1028 2711 terra
1037 2644 1069 2709 in
1084 2647 1270 2733 Narewgate
1283 2668 1376 2731 super
1391 2645 1420 2710 le
1432 2648 1529 2711 Nesse
1543 2645 1625 2711 inira
1634 2646 1740 2711 villam

311 2771 350 2836 de
367 2771 495 2835 Bernic.
539 2772 662 2859 Regnat.
679 2780 788 2836 recent.

312 2896 363 2958 28.
390 2896 486 2959 Carta
502 2892 667 2958 Eustachii
683 2895 790 2957 Brnne
804 2891 968 2980 burgensis
983 2891 1023 2956 de
1040 2891 1171 2970 Bernic‚
1186 2890 1226 2955 de
1241 2888 1369 2956 terrain
1385 2890 1589 2977 Narrowgate
1604 2913 1696 2979 super
1711 2892 1739 2955 le

312 3020 418 3082 Nesse.
466 3016 585 3102 Regin.
601 3026 709 3081 recent.

309 3143 362 3209 29.
386 3141 518 3224 Inquest
532 3137 592 3203 and
604 3139 808 3203 Deliverance
822 3137 860 3202 of
871 3137 923 3202 the
934 3137 1045 3201 Assize
1058 3144 1152 3200 anent
1165 3135 1218 3201 the
1232 3134 1330 3200 clame
1345 3135 1383 3199 of
1395 3134 1448 3200 the
1462 3134 1559 3200 abbot
1573 3133 1611 3199 of
1617 3133 1738 3199 Melros

312 3276 345 3325 to
369 3260 467 3338 lands,
492 3261 604 3326 houses
629 3259 692 3325 and
717 3261 846 3346 fishings
860 3260 896 3324 of
909 3258 1037 3324 Bernic.
1082 3258 1139 3322 En
1153 3259 1335 3346 apographo
1348 3281 1425 3324 cara
1439 3258 1592 3346 qewndam
1612 3258 1739 3322 Walteri

310 3384 650 3471 .·l{a‹sarl‹1nescripto‚
667 3386 701 3446 in
718 3383 798 3448 Bibl.
816 3383 927 3448 Advoc.
945 3383 1043 3446 Edin.
