4372 5888
421 555 518 628 nno.
530 564 618 629 mc.
630 575 658 628 1.
776 546 1259 627 MUNIMENTA‘DE
1284 547 1525 628 Manuos.
1784 556 1859 630 61³

423 771 646 846 monasterio
669 777 709 846 et
732 773 924 848 monachis
948 771 1050 846 ibide
1072 770 1203 845 diuina
1224 769 1493 845 ministratibus
1517 776 1557 845 et
1579 792 1650 868 pro
1670 777 1856 870 perpetuo

420 916 683 991 ministraturis
698 941 721 990 a
736 941 799 992 me
814 926 854 993 et
870 917 1069 992 heredibus
1084 917 1178 990 meis
1194 915 1243 989 de
1258 914 1335 990 dno
1360 918 1427 990 iro
1443 939 1531 1016 rege
1549 916 1592 990 in
1606 914 1720 991 feodo
1735 924 1776 991 et
1791 917 1855 992 he-

420 1058 579 1137 reditate
593 1053 877 1162 impeipetuum
893 1090 918 1158 p
934 1086 1064 1136 omnes
1080 1071 1197 1136 rectas
1214 1069 1332 1136 metas
1349 1063 1433 1172 luas
1457 1061 1630 1161 antiquas
1654 1071 1693 1138 et
1717 1053 1853 1138 diuisas

421 1231 510 1282 uum
527 1209 639 1283 curiis
655 1216 694 1282 et
710 1209 899 1282 curiarum
916 1207 1081 1283 exitibus
1093 1206 1258 1289 eschaett
1276 1183 1422 1290 {lebeti
1434 1216 1473 1281 et
1484 1207 1648 1291 herieldt
1664 1231 1707 1283 ac
1722 1208 1853 1284 blude·

421 1355 510 1435 witi
524 1355 565 1427 in
581 1354 654 1428 viis
669 1355 800 1437 semite
817 1355 924 1453 aquis
940 1354 1078 1452 stagnis
1095 1354 1209 1427 moris
1224 1353 1403 1427 marrefiis
1420 1361 1526 1452 prati
1542 1355 1686 1452 pascuis
1708 1364 1749 1429 et
1774 1358 1853 1455 pas·

418 1499 513 1572 turis
533 1499 845 1598 aucupationibus
860 1499 1123 1575 venationibus
1147 1523 1191 1574 ac
1214 1523 1303 1573 cum
1327 1499 1505 1573 omnibus
1529 1499 1613 1573 aliis
1634 1509 1673 1574 et
1697 1499 1853 1600 fingulis

416 1643 650 1720 libertatibus
674 1644 968 1720 comoditatibus
992 1652 1033 1719 et
1056 1645 1240 1729 aisiamett
1265 1669 1309 1719 aa
1332 1644 1427 1726 iustt
1449 1645 1620 1739 ptineoiis
1635 1646 1852 1748 quibusciiffi

418 1801 497 1865 tam
513 1814 591 1866 non
607 1792 785 1865 nomiatis
800 1790 845 1890 q‘
857 1797 1024 1873 nomiatt
1041 1799 1120 1864 tam
1143 1789 1274 1865 subtus
1300 1797 1396 1864 terra
1412 1789 1457 1888 ς’
1474 1791 1585 1891 supra
1609 1799 1747 1866 terram
1771 1801 1851 1868 tam

415 1960 531 2034 prope
546 1939 591 2034 q‘
603 1936 747 2035 proaull
761 1935 811 2010 ad
827 1936 944 2011 dictas
961 1945 1075 2011 terras
1092 1960 1180 2011 cum
1197 1936 1366 2031 ptineoiis
1389 1936 1642 2034 spectantibus
1665 1939 1730 2014 seu
1755 1939 1851 2016 iuste

416 2083 578 2180 spectare
593 2081 805 2156 valentibus
831 2081 1115 2182 quomodolibet
1143 2080 1301 2171 insutum
1326 2080 1442 2156 libere
1467 2084 1595 2182 quiete
1623 2084 1719 2160 bene
1747 2090 1852 2163 etin
1929 2115 1931 2118 ’
2033 2092 2042 2105 ’

418 2251 510 2329 paee
538 2238 577 2303 et
604 2237 684 2303 tam
710 2226 864 2304 liberius
892 2237 932 2304 et
960 2228 1131 2327 quiecius
1160 2229 1322 2326 integus
1354 2237 1394 2302 et
1420 2227 1728 2336 honorificentius
1760 2232 1853 2308 ficut

417 2375 544 2476 alique
560 2384 658 2450 terre
672 2377 713 2449 in
733 2397 848 2473 regno
867 2373 994 2450 Seocie
1010 2373 1122 2449 alicui
1139 2347 1330 2449 monaibo
1346 2401 1371 2470 p
1387 2374 1552 2475 aliquem
1567 2376 1608 2450 in
1630 2402 1765 2476 puram
1787 2380 1852 2460 eli.

419 2520 599 2597 molinam
628 2521 888 2596 conceduntur
919 2520 997 2594 fiue
1025 2520 1166 2595 dantur
1180 2558 1190 2581 ·
1205 2519 1398 2618 Faciundo
1419 2520 1481 2595 dii
1501 2523 1676 2597 monachi
1693 2525 1761 2621 qui
1784 2550 1853 2624 pro

417 2678 547 2767 tepore
571 2647 681 2741 siliut
708 2668 785 2742 dio
814 2669 882 2740 ino
899 2666 1002 2764 Regi
1033 2690 1102 2764 pro
1131 2665 1297 2763 predicti
1323 2638 1397 2740 ilis
1429 2665 1586 2740 seruicifi
1612 2667 1785 2744 debitum
1814 2682 1853 2745 et

417 2807 635 2888 consuetum
650 2855 659 2875 ·
671 2815 759 2913 Ego
775 2836 865 2887 vero
882 2811 1006 2887 dictus
1023 2811 1156 2886 Dauid
1173 2819 1212 2886 et
1228 2810 1381 2886 heredes
1395 2812 1470 2885 mei
1482 2820 1602 2887 totam
1615 2821 1655 2887 et
1666 2814 1853 2915 integmm

416 2959 525 3034 diam
541 2968 686 3058 partem
702 2967 829 3049 teman
852 2958 901 3034 ‹le
916 2956 1156 3033 Wolchclide
1182 2968 1229 3033 oi
1253 2958 1423 3055 ptineciis
1447 2944 1573 3056 Bdictt
1597 2935 1789 3036 monal‘tlo
1813 2974 1853 3037 et

417 3106 608 3181 monachis
625 3104 969 3180 ibidemluietibus
985 3115 1026 3178 et
1040 3103 1232 3179 seruituris
1255 3104 1298 3178 in
1323 3105 1499 3180 omnibus
1523 3114 1564 3179 et
1586 3129 1654 3206 per
1678 3109 1780 3182 offiia
1804 3118 1850 3191 ut

417 3251 634 3353 premiffum
651 3253 704 3327 est
721 3252 1020 3327 waratizabimus
1044 3250 1313 3349 aoquietabim9
1331 3260 1370 3325 et
1385 3261 1515 3326 contra
1530 3275 1661 3327 omnes
1677 3254 1851 3330 mortales

417 3400 579 3476 fideliter
604 3409 645 3474 et
672 3399 749 3474 line
775 3398 910 3474 fraude
926 3397 1195 3472 defendemus·
1212 3398 1259 3472 In
1277 3398 1386 3473 ouius
1402 3398 1456 3472 rei
1481 3399 1739 3476 testimouium
1768 3403 1852 3501 'puti

416 3556 516 3622 carte
530 3570 615 3620 mee
631 3545 794 3645 sigillum
811 3568 943 3620 meum
964 3543 1019 3618 est
1046 3544 1252 3643 appensum
1277 3541 1350 3617 hiis
1368 3543 1521 3620 testibus
1544 3545 1746 3622 Nobilibus
1761 3548 1851 3624 viris

416 3692 500 3766 diiis
517 3691 691 3767 Waltero
706 3692 755 3767 de
763 3691 909 3792 Ogilby
925 3691 1004 3766 diso
1019 3690 1068 3765 de
1083 3689 1507 3767 luntoetbin·Joba1me
1522 3691 1694 3786 forestata
1710 3693 1789 3767 dio
1803 3694 1852 3769 de

417 3829 656 3937 Corstorfyne
684 3847 725 3913 et
744 3839 907 3914 Willmo
936 3838 986 3912 de
1014 3838 1232 3912 Creohtouu
1261 3838 1338 3912 dio
1367 3837 1471 3913 eiusti
1503 3839 1689 3914 militibus
1721 3842 1850 3939 magro

415 3981 582 4055 Willmo
608 3981 658 4055 de
685 3981 806 4056 fowlis
834 3968 981 4080 {ipolito
1009 3983 1059 4055 de
1085 3981 1256 4056 bothvile
1283 3986 1413 4082 mafgro
1443 3980 1577 4057 Dauid
1606 3983 1654 4056 de
1670 3983 1851 4059 Names

415 4129 545 4230 magro
562 4126 729 4202 Wullmo
745 4127 834 4202 Soot
849 4125 1048 4226 ospellanis
1063 4136 1110 4201 ou
1134 4125 1255 4209 mult(
1278 4125 1360 4200 aliis
1386 4126 1509 4224 Apud
1524 4126 1663 4202 Melros
1679 4128 1853 4214 uioelimo

415 4274 478 4351 die
493 4278 607 4356 ment
621 4274 651 4352 J
650 4272 719 4350 ulii
736 4273 857 4351 Anno
873 4270 1038 4350 Domini
1062 4269 1644 4372 millefimo’quadringentefimo
1667 4274 1851 4354 trioelimo

415 4444 560 4522 primo·
