4372 5888
408 561 505 619 sau.
515 564 608 621 roa.
620 565 683 622 111.
774 541 1134 623 MUNIMENTA
1157 541 1239 620 DE
1265 533 1507 620 Manuos.
1763 545 1838 625 477

408 771 473 837 tur
488 763 528 836 in
545 788 681 862 puram
697 771 736 838 et
751 770 930 863 ppetuam
947 761 1141 837 elemofina
1151 804 1162 825 ·
1173 763 1250 838 fiue
1265 763 1384 837 teneri
1401 734 1503 860 pofflt
1518 754 1767 859 q⁰modolibet
1794 762 1840 834 ui

408 908 576 1004 poffideri
588 951 597 970 ·
609 908 738 983 Niebil
754 908 844 984 inde
859 909 1046 1007 exigendo
1070 931 1142 1006 ego
1165 911 1208 982 ui
1232 908 1384 982 heredes
1408 907 1486 982 mei
1508 907 1572 980 seu
1589 904 1725 1005 aliquis
1740 905 1836 979 alius

407 1055 496 1125 noie
525 1054 592 1127 iiro
617 1054 817 1154 imppetm'r
844 1028 936 1153 prei)
956 1052 1129 1129 oraciom’r
1151 1053 1327 1151 suffragia
1343 1052 1532 1142 deuotan·
1549 1049 1636 1150 Ego
1651 1073 1742 1125 vero
1757 1048 1839 1126 Rb-

407 1197 537 1272 bertus
552 1199 712 1296 predius
726 1207 765 1272 et
781 1198 934 1274 heredes
959 1199 1036 1272 mei
1058 1198 1213 1296 predim
1237 1206 1470 1271 tenemetum
1486 1218 1599 1271 reum
1625 1195 1773 1270 offiibus
1799 1204 1838 1269 et

406 1341 561 1439 fingulis
580 1342 777 1438 ptinenciis
792 1343 868 1417 suis
893 1352 938 1417 ut
953 1328 1068 1440 {idem
1084 1341 1292 1416 estteifflm
1317 1341 1516 1440 Religiofis
1540 1348 1580 1414 et
1605 1364 1678 1431 eon
1701 1341 1840 1415 sueces-

407 1487 547 1560 soribus
562 1487 761 1586 imppetuu
776 1530 785 1550 ·
803 1488 843 1561 in
860 1487 1010 1563 offiibus
1035 1495 1073 1562 et
1089 1515 1114 1583 p
1130 1488 1257 1561 omnia
1283 1471 1437 1584 {inotatf
1465 1495 1594 1561 eontra
1618 1509 1748 1561 omues
1772 1486 1839 1560 bo-

404 1632 525 1705 mines
542 1640 582 1706 et
598 1629 758 1706 feminas
771 1660 823 1729 ορ
839 1633 984 1732 prediis
1008 1633 1181 1707 oracionr'r
1206 1632 1391 1730 suffragiis
1415 1638 1525 1706 tantu
1538 1671 1549 1692 ·
1562 1629 1842 1705 Warantiaabi-

405 1800 491 1851 mus
505 1814 514 1839 ·
528 1778 823 1876 requietabimus
837 1788 875 1852 et
885 1780 1126 1877 imppetuum
1140 1778 1467 1852 defendemus-In
1480 1778 1589 1851 cuius
1600 1777 1677 1852 Rei
1689 1777 1840 1851 testibm

404 1923 486 2020 fruti
508 1932 609 1998 barte
633 1948 717 1999 mee
740 1924 861 2023 figillr‘r
885 1937 974 2000 meu
995 1925 1150 2023 apposui
1168 1949 1181 1995 r
1201 1924 1290 1998 Hiis
1307 1924 1482 1997 testibus·
1499 1923 1600 1998 Diris
1623 1923 1763 2021 patries
1790 1922 1838 1996 de

405 2068 569 2142 Dunbai
592 2069 768 2144 Jobanne
791 2068 840 2142 de
864 2068 1139 2142 Edmondistofi
1153 2111 1163 2131 ·
1178 2078 1217 2142 et
1242 2067 1474 2142 Archibaldo
1498 2068 1547 2141 de
1563 2068 1839 2144 Edmondistoii

405 2212 615 2287 militibus·
631 2215 795 2289 Wiiimo
807 2214 1013 2288 mavtalent
1030 2214 1159 2288 Adam
1172 2189 1329 2288 fforesi'·
1343 2212 1565 2289 Alexandra
1580 2213 1629 2287 de
1644 2216 1787 2312 paxtori
1799 2223 1840 2289 et

406 2356 538 2439 multis
566 2357 815 2446 aliis-Quam
841 2357 976 2456 quidm
1002 2366 1143 2432 bartam
1172 2357 1408 2457 donacioneq,
1436 2369 1475 2431 et
1504 2357 1767 2433 uonceffionem
1797 2359 1838 2432 in

406 2503 515 2576 eadm
544 2510 712 2577 contens
727 2545 737 2566 ·
751 2504 792 2576 in
814 2503 964 2577 offiibus
979 2503 1131 2601 punctis
1156 2503 1230 2576 suis
1254 2512 1296 2576 et
1319 2503 1485 2578 articulis
1508 2503 1773 2579 eondieunibus
1799 2513 1839 2578 et

406 2648 527 2723 modis
537 2671 582 2723 aa
597 2648 842 2748 circsrstuncijs
858 2648 1117 2747 quibuscqu
1131 2648 1251 2722 forma
1266 2622 1327 2745 pit]
1339 2657 1379 2723 et
1394 2647 1532 2724 effectu
1547 2687 1557 2712 ·
1571 2651 1612 2724 in
1627 2650 1776 2725 omibus
1801 2658 1840 2723 et

406 2822 431 2890 p
454 2793 581 2869 omnia
605 2795 856 2894 approbamus
879 2793 1129 2870 Ratificamus
1152 2800 1193 2868 et
1216 2821 1243 2889 p
1267 2794 1376 2868 nobis
1400 2803 1440 2869 et
1463 2794 1663 2870 heredibus
1692 2795 1769 2870 riris
1792 2804 1839 2870 ut

406 2925 583 3036 Bmiffum
608 2942 663 3015 est
687 2939 735 3013 ad
750 2949 866 3014 manfr
881 2947 1030 3014 mortua
1041 2940 1240 3039 imppetm'r
1256 2938 1606 3015 aoniinnamua·1n
1623 2940 1744 3017 Cuius
1760 2941 1841 3016 Rei

406 3084 823 3184 testimoniufrntiuarte
836 3084 1361 3184 irenonfirmacionis·figilbi
1373 3090 1458 3161 nim
1468 3073 1665 3185 Buepimus
1677 3089 1836 3187 apponi·

406 3230 579 3305 sensus
594 3208 831 3307 veiabilibus
845 3232 888 3306 in
904 3233 980 3329 xpo
997 3231 1168 3330 patribus
1184 3231 1359 3306 walum
1375 3228 1416 3306 et‘
1432 3232 1607 3306 unbem
1621 3232 1842 3307 anoeruno

405 3377 473 3451 riro
484 3418 493 3437 ·
506 3374 758 3451 sanctimdree
774 3385 815 3453 et
830 3375 1079 3450 Abirdonenss
1094 3375 1268 3466 eoelefian
1287 3377 1385 3474 eriis·
1400 3376 1592 3452 Cariffimo
1616 3362 1838 3477 fimogenito

403 3523 473 3596 iiro
485 3563 495 3584 ·
509 3522 643 3597 Dauid
671 3522 769 3597 duoe
793 3520 1007 3620 Rothesaye
1023 3520 1175 3596 Comite
1190 3521 1239 3596 de
1256 3520 1382 3596 Carr‘·
1397 3523 1531 3598 senes&
1546 3525 1643 3598 sooc'
1668 3523 1838 3599 Roberto

403 3665 500 3739 duee
517 3667 682 3744 Albanie
706 3667 858 3742 Comite
882 3667 931 3742 de
952 3667 1050 3767 ffyfe
1065 3674 1106 3741 et
1120 3666 1170 3741 de
1185 3668 1380 3743 meneteth
1393 3710 1402 3730 ·
1413 3668 1529 3742 fratre
1545 3671 1613 3748 iiro
1629 3692 1835 3767 germano·

402 3809 642 3887 Arcbebaldo
658 3814 798 3887 comite
813 3813 862 3887 de
879 3813 1054 3912 Douglaa
1069 3813 1225 3890 domino
1237 3814 1413 3913 galwidie
1426 3856 1436 3876 ·
1450 3816 1478 3890 J
1478 3815 1594 3887 aeobo
1610 3814 1659 3887 de
1670 3813 1837 3912 Douglas

403 3955 558 4030 domino
573 3955 622 4030 de
637 3955 810 4031 Dallreth
822 3999 833 4020 ·
845 3966 885 4031 et
900 3957 1031 4032 thoma
1046 3957 1095 4032 de
1112 3959 1282 4058 Erssryne
1298 3958 1583 4055 consanguineis
1598 3958 1674 4032 riris
1690 3957 1837 4034 dilectis

402 4100 559 4197 militib3
581 4100 684 4200 apud
700 4100 1026 4199 Cambussrynetb·
1041 4102 1215 4176 viuefimo
1231 4125 1332 4178 nono
1349 4102 1412 4175 die
1423 4101 1558 4175 mensrs
1580 4102 1608 4176 J
1609 4101 1689 4205 unij
1716 4103 1836 4180 Anno

401 4252 468 4347 gie
483 4247 631 4323 miibno
646 4253 746 4324 συθ
760 4244 1000 4346 nonagesimo
1014 4246 1194 4346 septimo·
1209 4247 1266 4322 Et
1281 4247 1411 4346 Regni
1427 4245 1543 4322 nostri
1558 4247 1708 4325 Octauo
1726 4291 1735 4313 ·
