4372 5888
398 575 496 633 aee.
510 576 597 632 rao.
611 576 665 633 ιν.
750 553 1109 634 MUNIMEN'l'A
1134 552 1215 631 DE
1241 550 1482 630 MELROS.
1761 551 1832 626 623

399 777 670 880 'rmnfluptum
686 779 791 857 bulle
802 780 1009 882 pfirmatois
1026 776 1196 854 cocordie
1212 776 1260 852 de
1276 777 1376 853 detis
1393 775 1442 851 de
1457 775 1679 876 gaitschaw·

285 1078 350 1145 593
400 1048 598 1145 Vniuerfie
622 1079 662 1145 et
685 1070 837 1170 fingulis
864 1071 945 1170 pter
973 1074 1046 1145 iras
1071 1069 1148 1144 srue
1177 1070 1245 1168 pins
1262 1067 1416 1168 publicu
1445 1067 1670 1166 transumpti
1698 1067 1834 1143 instru-

398 1225 545 1290 me'tum
561 1217 692 1291 visuris
716 1217 867 1292 lecturis
891 1189 998 1314 pilu
1021 1216 1205 1291 audituris
1222 1215 1383 1291 Willma
1399 1214 1587 1289 Wawane
1611 1216 1651 1288 in
1676 1214 1833 1290 decretis

398 1359 614 1453 licenciatus
629 1364 803 1437 eunoicus
821 1334 1044 1437 Abirdonei
1060 1386 1104 1437 ac
1119 1361 1286 1436 officialis
1314 1360 1512 1437 Siiandree
1535 1361 1632 1434 insra
1655 1359 1834 1436 archidia-
1981 1408 1984 1414 -

397 1516 575 1582 conatum
592 1507 769 1583 lundonie
787 1509 907 1584 Saitm
924 1508 962 1582 in
980 1507 1056 1582 dio
1072 1480 1296 1606 semplinam
1314 1517 1353 1581 et
1369 1507 1523 1605 putibus
1545 1506 1659 1581 fidem
1678 1506 1834 1581 indubia

400 1653 575 1728 adhibere
591 1654 912 1752 Noueritisqnup
923 1657 978 1728 ire
990 1653 1211 1730 Sanctiliimi
1228 1653 1269 1727 in
1286 1654 1361 1752 xpo
1378 1653 1452 1752 pris
1469 1661 1508 1727 et
1520 1652 1585 1727 diri
1602 1652 1669 1726 dni
1685 1651 1833 1726 honorii

397 1769 487 1876 dina
502 1802 742 1899 prouidencia
758 1825 854 1900 pape
879 1774 948 1898 ‘scij
967 1801 1048 1875 eius
1064 1825 1152 1875 vera
1178 1799 1282 1875 bulla
1306 1798 1441 1898 plsrbea
1465 1810 1510 1874 cu
1535 1799 1689 1874 cordula
1712 1801 1832 1874 sericis
1928 1790 1936 1805 ’

398 1948 471 2023 filis
488 1972 592 2022 more
608 1972 761 2047 romane
776 1949 878 2022 curie
894 1947 1041 2046 penderi
1052 1985 1062 2008 ·
1073 1949 1157 2021 sane
1173 1946 1295 2046 srquid
1311 1955 1351 2020 et
1375 1949 1522 2047 integre
1547 1957 1597 2021 no
1614 1948 1749 2022 viciate
1765 1971 1835 2022 nec

400 2096 440 2168 in
466 2093 592 2194 aliqua
616 2095 673 2169 sui
689 2103 796 2195 parte
811 2095 976 2194 suspecte
991 2094 1052 2169 sed
1069 2095 1147 2169 offii
1163 2094 1309 2193 prorsus
1326 2094 1425 2168 vicio
1441 2101 1480 2168 et
1505 2095 1704 2193 suspitione
1727 2098 1835 2171 cerei

400 2250 445 2315 vt
460 2242 502 2315 in
518 2242 599 2316 eius
615 2241 736 2340 prima
752 2242 847 2316 secie
861 2240 1063 2341 apparebat
1087 2239 1208 2316 Nobis
1232 2264 1301 2340 pro
1325 2248 1433 2340 parte
1448 2240 1670 2315 venerabilis
1695 2243 1736 2315 in
1760 2244 1836 2340 xpo

394 2389 475 2485 piris
503 2388 675 2463 bernardi
703 2387 895 2484 pmiffione
923 2387 1053 2463 diuina
1080 2386 1225 2461 abbatis
1251 2357 1433 2461 monasPii
1456 2386 1504 2459 de
1520 2385 1662 2461 menon
1679 2396 1718 2462 et
1734 2387 1838 2462 eiusd

400 2535 472 2610 loci
489 2545 644 2610 conetur
660 2537 790 2634 pintete
805 2534 913 2609 nobie
927 2535 1055 2609 fueret
1070 2557 1164 2633 ques
1186 2557 1254 2608 nos
1279 2544 1324 2608 cfr
1350 2557 1393 2606 ea
1409 2557 1485 2633 qua
1501 2533 1630 2608 decuit
1647 2511 1838 2611 Redencia

401 2682 440 2757 N
439 2683 593 2758 oueritis
609 2680 803 2783 Reoepilse
818 2681 922 2757 hiiioi
937 2680 1006 2756 sub
1017 2688 1147 2756 tenore
1163 2678 1360 2754 Honorius
1376 2681 1484 2779 Elius
1500 2680 1627 2756 seruus
1643 2681 1759 2760 suoru
1776 2684 1837 2760 dei

401 2828 547 2904 dilectis
575 2829 662 2903 filiis
692 2827 817 2903 abbati
845 2836 885 2902 et
913 2827 1066 2903 oouetui
1090 2828 1139 2904 de
1162 2825 1298 2902 melros
1314 2800 1486 2902 cirinen
1503 2827 1643 2902 ordinis
1661 2829 1780 2905 Saitm
1797 2840 1837 2905 et
1881 2845 1883 2850 ·

402 2976 561 3075 aplicam
592 2975 865 3051 benedictioem
881 2974 1000 3051 Justis
1025 2975 1170 3074 pet'etill
1196 2973 1383 3049 desideriis
1399 2974 1519 3076 dignu
1536 2974 1589 3050 est
1605 2999 1673 3052 nos
1690 2977 1838 3052 facilem

402 3124 556 3223 prebere
571 3124 787 3198 consensum
804 3131 844 3198 et
859 3131 1035 3223 votaque
1046 3147 1068 3197 a
1080 3123 1233 3198 rationis
1245 3123 1396 3197 tramite
1408 3133 1459 3197 no
1471 3123 1682 3199 discordant
1698 3124 1838 3201 effectu
1940 3133 1941 3136 ’

399 3272 578 3371 psequete
594 3270 784 3370 complere
800 3271 861 3347 Ea
888 3246 1009 3371 propiJ
1030 3269 1160 3347 dilecti
1184 3270 1225 3344 in
1250 3268 1327 3345 dico
1343 3268 1410 3368 filij
1429 3271 1502 3344 iris
1518 3271 1547 3347 J
1549 3271 1638 3347 ustis
1664 3273 1836 3372 precibus

403 3418 570 3494 inclinati
585 3417 853 3518 compositione
866 3392 933 3492 inl)
943 3442 1011 3494 voa
1027 3426 1067 3493 et
1083 3417 1235 3492 eccliam
1252 3414 1300 3490 de
1316 3416 1535 3492 merebothe
1550 3419 1660 3519 super
1684 3419 1839 3497 decimis

402 3566 685 3666 prouenietibus
713 3565 762 3641 de
788 3538 860 3640 l'ris
888 3566 963 3640 iris
989 3564 1126 3643 lubitia
1154 3573 1243 3640 ante
1267 3563 1419 3642 consiliu
1436 3565 1610 3666 generale
1635 3543 1844 3644 amicabili?

404 3713 546 3786 Initam
572 3715 665 3787 sicut
694 3712 770 3787 fine
801 3714 988 3813 prauitete
1016 3713 1174 3813 proinde
1206 3712 1303 3788 sacta
1328 3711 1382 3788 est
1396 3745 1408 3785 r
1422 3713 1478 3788 Et
1506 3714 1554 3788 ab
1587 3723 1703 3814 vtraq,
1734 3724 1840 3814 parte

405 3859 535 3958 sponte
550 3867 699 3957 recepta
714 3866 754 3933 et
768 3858 948 3934 hactenus
965 3860 1116 3958 pacilioe
1132 3858 1291 3935 obsuata
1305 3885 1349 3936 ac
1365 3859 1404 3934 in
1422 3861 1585 3934 autetioo
1599 3859 1737 3935 exinde
1753 3885 1840 3935 con-

403 4003 502 4079 secto
526 4003 674 4104 plenius
690 4002 830 4078 dicitur
844 4004 1027 4078 contineri
1050 4005 1253 4078 autoritate
1276 4004 1394 4102 aplicu
1417 4005 1660 4080 confirmam9
1675 4015 1715 4081 et
1738 4007 1839 4106 lintis

405 4153 538 4250 scripte
556 4149 764 4250 patrocinio
789 4149 1046 4224 communim9
1076 4148 1184 4227 Nulli
1204 4173 1295 4250 ergo
1311 4151 1467 4226 omnino
1482 4150 1587 4225 hoim
1612 4151 1720 4228 liceat
1744 4153 1840 4229 hanc

404 4300 540 4399 pagina
556 4300 623 4373 dre
638 4295 937 4372 confirmationie
955 4296 1160 4398 inti-ingere
1175 4297 1237 4372 vel
1261 4297 1297 4372 ei
1321 4297 1413 4373 ausu
1437 4298 1634 4373 temerario
1658 4301 1840 4389 contraire
1855 4352 1858 4356 -

406 4448 445 4522 si
473 4447 561 4547 quia
587 4452 717 4521 autem
746 4443 819 4519 hoc
848 4451 1074 4544 attemptare
1103 4444 1366 4545 presumpserit
1391 4444 1670 4545 Indignatioem
1696 4449 1840 4548 offiipo·

404 4595 518 4671 tentis
530 4594 592 4670 dei
602 4601 643 4669 et
654 4592 808 4669 beatorn
822 4591 919 4692 petri
936 4607 962 4666 ‘t
979 4591 1083 4691 pauli
1098 4591 1211 4692 a'plon
1222 4593 1304 4668 eius
1315 4594 1352 4667 se
1363 4593 1514 4668 nouerit
1527 4591 1730 4671 Incursuru
1743 4597 1839 4672 Dat‘

404 4743 542 4817 laterai
557 4750 668 4840 quito
683 4740 761 4814 noi
776 4739 804 4815 J
805 4738 873 4814 ulii
889 4738 1131 4839 pontificatus
1148 4740 1205 4815 iiri
1222 4739 1343 4816 Anno
1358 4745 1470 4840 quito
1485 4740 1575 4816 Post
1591 4745 1839 4841 quarumqui·

403 4889 489 4963 dem
516 4889 657 4965 irarum
681 4885 887 4987 a'plicarum
916 4887 1123 4986 putatioem
1151 4896 1193 4963 et
1223 4887 1447 4988 receptiuem
1476 4887 1584 4964 nobie
1607 4899 1647 4964 et
1664 4916 1688 4984 p
1704 4911 1772 4963 nos
1795 4900 1839 4963 ut
