4372 5888
1039 549 1082 629 ix

349 759 421 831 469.
446 755 748 843 [Lassmawrum]
772 754 974 820 Confirmatio
997 755 1161 842 Radulphi
1183 756 1223 821 de
1245 758 1379 845 Nevyle‚
1402 758 1520 824 domini
1542 759 1582 825 de
1605 760 1711 848 Raby,
1733 759 1774 824 de

348 878 611 944 Wodfordehous
626 898 722 963 quam
737 877 898 941 Robertus
913 876 952 941 de
967 877 1146 942 Wodforde
1160 878 1256 944 dedit.
1302 883 1393 969 Orig.

348 1005 421 1072 470.
445 1001 537 1067 Raui'
541 1001 581 1065 de
592 998 698 1065 Nevill
707 999 851 1086 seigneur
861 999 1005 1086 deRaby
1013 1002 1367 1086 granteaMeaurosele
1375 1003 1494 1068 manoir
1502 1002 1771 1092 deLeasydewyn‚

357 1146 451 1212 apres
465 1145 519 1187 son
535 1123 653 1199 decees,
668 1119 772 1207 lequel
787 1121 929 1185 Monsire
944 1121 1083 1186 Edward
1098 1122 1138 1188 de
1152 1123 1295 1188 Bailliolc
1308 1124 1351 1189 cit
1362 1124 1443 1189 done
1457 1147 1477 1190 a
1489 1125 1544 1190 lui.
1591 1128 1681 1215 Orig.

343 1249 417 1312 471.
443 1249 541 1311 Carta
555 1245 705 1334 ejusdem.
752 1245 840 1330 Orig.

287 1440 289 1450 ι
342 1372 414 1438 472.
438 1367 626 1433 Endentour
638 1377 784 1454 parentre
805 1364 835 1430 le
856 1387 972 1431 mesme
987 1367 1131 1454 seigneur
1145 1382 1176 1433 et
1190 1366 1221 1433 le
1235 1381 1369 1436 couveut
1383 1369 1423 1434 de
1439 1369 1567 1436 Melros.
1614 1372 1706 1460 Orig.

198 1506 205 1514 ·
342 1493 415 1559 473.
440 1488 644 1554 Confirmatio
658 1488 813 1552 Johannis
827 1487 868 1551 dc
884 1488 989 1552 Nevill
1006 1489 1121 1554 militis.
1168 1492 1260 1579 Orig.

893 1735 1216 1802 TEVIOTDALE.

345 1863 416 1929 474
440 1861 555 1941 Quieta
566 1859 711 1924 clamatio
720 1854 876 1923 Willelmi
887 1856 928 1921 de
938 1858 1053 1934 Roule‚
1069 1859 1109 1924 de
1120 1880 1225 1923 annuo
1239 1859 1364 1925 redditu
1376 1882 1420 1925 xx
1436 1859 1605 1925 solidorum
1620 1859 1661 1924 de
1676 1862 1766 1926 terris

340 1984 382 2049 de
396 1983 570 2048 Hunedun.
618 1984 708 2069 Orr'g.

342 2109 415 2173 475.
440 2104 616 2169 ludentura
629 2102 669 2166 de
690 2101 883 2167 concessione
907 2101 1081 2167 medietatis
1104 2101 1230 2166 barouie
1253 2102 1294 2166 de
1309 2105 1444 2190 Wylton
1468 2125 1541 2168 cum
1566 2102 1767 2169 advocatione

341 2225 464 2291 ecclesie
479 2248 498 2289 a
513 2225 659 2291 Gilberto
675 2221 715 2286 de
732 2219 880 2285 Maxwell
896 2218 971 2284 data
991 2222 1187 2302 monasterio,
1213 2235 1245 2287 et
1261 2222 1301 2286 de
1314 2245 1456 2311 regressu
1479 2223 1648 2289 earundem
1670 2237 1767 2291 terra·

340 2368 422 2427 rum,
437 2346 546 2412 solutis
560 2346 594 2410 xl
608 2344 696 2411 libris
710 2342 941 2429 sterlingorum.
988 2344 1081 2430 Orig.

626 2709 780 2787 REGE
805 2706 1071 2785 ROBER'ro
1097 2707 1152 2782 11.
1204 2715 1478 2791 1370-1390.

942 2954 1165 3020 ABBACIA.

340 3081 411 3150 476.
436 3078 640 3145 Confirmatio
657 3079 758 3165 Regia
773 3089 857 3143 carte
872 3077 980 3143 David
996 3080 1045 3143 11.
1064 3077 1171 3163 Regis,
1187 3075 1227 3139 de
1243 3075 1432 3162 Regalitate,
1449 3078 1490 3141 N.
1502 3080 1574 3144 435.
1621 3080 1711 3168 Orig.

341 3204 413 3271 477.
437 3201 642 3265 Confirmatio
658 3201 760 3287 Regia
774 3211 858 3264 carte
873 3198 980 3265 David
996 3201 1045 3264 II.
1063 3197 1162 3283 Regis
1177 3196 1218 3261 de
1231 3197 1356 3263 licentia
1370 3209 1502 3263 tractare
1519 3221 1592 3263 cum
1607 3201 1763 3288 Anglicis‚

342 3324 382 3388 N.
399 3325 472 3394 439.
520 3324 611 3410 Orig.

339 3449 412 3512 478.
435 3444 640 3510 Confirmatio
657 3444 759 3529 Regia
774 3441 914 3507 omnium
929 3455 1085 3508 cartarum
1102 3455 1133 3506 et
1148 3442 1413 3506 munimentorum
1434 3440 1474 3505 de
1485 3442 1613 3506 Meiros.
1659 3444 1748 3532 Orig.

338 3572 411 3639 479.
436 3567 640 3633 Confirmatio
653 3567 755 3652 Regia
766 3577 850 3630 carte
862 3566 960 3652 Regis
972 3564 1077 3629 David
1090 3567 1137 3630 ΙΙ.
1150 3564 1190 3628 de
1200 3576 1344 3628 custuma
1355 3564 1507 3639 lanarum,
1520 3566 1561 3628 N.
1574 3562 1645 3630 436.
1670 3569 1760 3654 Orig.

339 3695 411 3756 480.
435 3689 507 3755 The
517 3688 687 3754 Wardauis
698 3700 826 3775 precept
841 3698 874 3752 to
889 3687 942 3752 the
954 3689 1140 3752 Gustumers
1152 3687 1201 3750 for
1213 3685 1338 3772 passing
1352 3684 1388 3749 os
1403 3685 1455 3750 the
1472 3686 1577 3773 wollys
1587 3686 1759 3774 withoutyn

338 3826 488 3878 custume
536 3812 627 3898 Orig.

995 4060 1104 4124 ΑΒΕ.

339 4184 410 4248 481.
435 4185 531 4248 Carta
543 4182 651 4268 Regis,
666 4183 698 4246 in
715 4205 779 4268 qua
793 4182 994 4246 confirmatur
1009 4194 1039 4246 et
1055 4182 1095 4246 de
1106 4181 1202 4246 verbo
1217 4179 1249 4244 in
1261 4179 1389 4245 verbum
1406 4192 1551 4244 narratur
1565 4190 1650 4245 carta
1661 4180 1759 4266 Regis

337 4305 444 4371 David
461 4307 510 4370 11.
527 4305 566 4369 de
581 4305 781 4369 advocatione
796 4303 920 4368 ecclesie
936 4303 1041 4368 Sancti
1056 4305 1079 4366 J
1081 4303 1210 4366 ohannis
1224 4302 1264 4366 de
1277 4303 1355 4365 Are.
1403 4303 1493 4390 Orig.

337 4430 409 4492 482.
434 4426 637 4492 Confirmatio
652 4426 754 4512 Regia
767 4426 924 4512 privilegii
940 4425 1073 4490 Roberti
1087 4427 1114 4489 1.
1129 4425 1238 4511 Regis,
1269 4445 1363 4511 super
1387 4422 1584 4490 libertatibus
1606 4437 1758 4491 terrarum

338 4547 377 4613 de
392 4548 512 4624 Carric,
536 4549 576 4612 N.
593 4549 666 4615 374.
713 4549 803 4633 Orig.

337 4673 410 4736 483.
435 4668 639 4735 Confirmatio
649 4669 803 4734 Johannis
819 4669 983 4735 Senescalli
998 4670 1118 4734 comitis
1133 4669 1173 4734 de
1185 4670 1303 4749 Carric,
1319 4668 1358 4734 de
1369 4669 1459 4735 terris
1473 4670 1555 4735 inira
1577 4670 1758 4736 comitatum

336 4792 377 4857 de
403 4793 512 4858 Carric
537 4804 568 4855 et
591 4791 763 4855 dominium
789 4792 829 4856 de
851 4794 935 4880 Kyle
959 4814 1032 4856 cum
1055 4792 1083 4856 le
1099 4793 1259 4873 Barmore,
1283 4814 1402 4858 necnon
1417 4793 1457 4858 de
1472 4792 1706 4873 Edmundston,
1726 4804 1757 4858 et

338 4912 561 4981 Hertisheuide
575 4912 609 4977 in
623 4912 798 4978 Laudonia.
845 4916 937 5002 Orig.

1013 5037 1032 5101 ὂ
