4394 5872
707 930 860 1008 REGE
885 931 1099 1008 JACOBO
1126 934 1159 1007 1.
1211 934 1489 1009 1406-1436.

973 1186 1197 1252 ABBACIA.

377 1308 448 1373 507.
472 1305 581 1370 Litera
608 1303 795 1369 Archibaldi
824 1304 945 1370 comitis
974 1305 1014 1370 de
1041 1307 1201 1393 Dowglaa
1230 1306 1295 1372 filio
1325 1330 1382 1372 suo
1405 1307 1603 1373 Archibaido
1629 1307 1733 1372 comiti
1758 1307 1800 1373 de

378 1431 521 1517 Wygton
537 1428 662 1515 scripta,
677 1428 717 1492 de
730 1428 927 1494 libertatibus
941 1430 1169 1496 conservandis.
1216 1433 1309 1517 Orig.

990 1677 1180 1743 CARRIC.

378 1800 451 1863 508.
476 1797 570 1862 Carta
586 1794 684 1882 Regis
698 1795 738 1861 de
752 1793 912 1881 regalitate
926 1807 1077 1860 terrarum
1093 1796 1134 1862 de
1149 1797 1269 1876 Carrio,
1285 1797 1402 1863 Ethrik
1418 1810 1449 1865 et
1465 1799 1609 1864 Rodono.
1656 1802 1746 1888 Orig.

380 1922 452 1989 509.
476 1920 664 2005 Preceptum
682 1919 779 2004 Regis
793 1918 834 1983 de
848 1918 965 1985 eadem.
1012 1922 1103 2006 Orig.

379 2045 452 2109 510.
476 2042 679 2107 Confirmatio
691 2042 793 2126 Regia
807 2040 1004 2127 quarundam
1019 2054 1177 2107 cartarum
1193 2043 1501 2129 suprascriptarum,
1517 2066 1596 2129 quas
1609 2043 1642 2107 in
1657 2042 1801 2129 originali

380 2162 421 2227 ad
436 2161 564 2248 longum
581 2160 780 2246 transcriptas
794 2160 846 2224 hic
859 2159 975 2225 iterum
987 2159 1165 2247 imprimere
1179 2184 1240 2225 non
1256 2162 1358 2226 visum
1372 2175 1428 2226 est
1474 2163 1567 2250 Orig.

970 2403 1209 2469 DUMFRES.

381 2534 453 2599 511.
478 2527 684 2595 Renunciatio
700 2527 834 2593 Gilberti
851 2525 999 2592 Grerison
1014 2526 1133 2592 domini
1147 2527 1188 2591 de
1202 2528 1275 2614 Lag
1289 2526 1330 2592 de
1344 2540 1428 2593 terra
1441 2528 1481 2594 de
1496 2530 1652 2594 Dunsoor.
1698 2530 1790 2616 Orig.

381 2656 454 2721 519„
477 2650 679 2717 Confirmatio
693 2647 879 2713 Archibaldi
902 2649 1022 2714 comitis
1048 2648 1088 2712 de
1103 2649 1248 2736 Douglas
1272 2649 1312 2713 de
1335 2649 1496 2736 regalitate
1509 2649 1549 2716 de
1564 2649 1801 2716 Eskdalemure.

386 2778 475 2864 Orig.

939 3016 1240 3082 EDINBURGH.

385 3145 458 3208 510.
483 3143 669 3226 Preceptum
685 3138 784 3203 sasine
799 3139 979 3225 Margarete
994 3136 1035 3201 de
1048 3137 1192 3202 Bronhill
1206 3138 1239 3202 in
1256 3148 1432 3203 tenemento
1445 3135 1478 3203 in
1493 3138 1606 3226 burgo.
1656 3144 1747 3228 Orig.

387 3270 460 3332 514.
485 3268 582 3331 Carta
595 3265 777 3349 Margarete
791 3262 831 3326 de
847 3259 990 3325 Bronhill
1005 3260 1045 3324 de
1060 3271 1236 3325 tenemento
1250 3260 1281 3324 in
1297 3262 1409 3348 burgo.
1457 3263 1549 3350 Orig.

386 3389 479 3453 514⁵.
504 3384 678 3451 Indentour
699 3384 815 3448 betwix
837 3380 958 3447 Melros
979 3383 1043 3446 and
1059 3382 1201 3469 Nychole
1214 3381 1251 3445 oi
1266 3381 1400 3447 Wedale
1421 3405 1617 3472 ooncernyng
1638 3383 1686 3448 his
1707 3385 1808 3449 landis

387 3507 450 3572 and
465 3504 644 3571 tenementis
658 3504 691 3567 in
707 3503 759 3566 the
775 3515 884 3581 towne,
900 3501 982 3566 laide
995 3503 1028 3566 in
1044 3502 1110 3566 wed
1126 3502 1188 3567 and
1203 3502 1317 3566 wedset
1332 3514 1366 3567 to
1380 3502 1434 3567 the
1448 3503 1561 3590 abbsy.
1609 3506 1700 3592 Orig.

388 3630 461 3695 515.
486 3630 582 3693 Carta
594 3623 748 3690 Johannis
757 3626 900 3689 Vemour
914 3623 955 3689 de
969 3636 1053 3688 terra
1065 3625 1098 3687 in
1109 3624 1178 3688 vico
1189 3625 1245 3709 qui
1259 3623 1374 3688 dicitur
1385 3627 1541 3711 Cowgate.
1564 3626 1686 3714 negat.
1697 3639 1806 3693 recent.

389 3750 462 3818 516.
486 3747 661 3815 Conventio
674 3748 755 3811 inter
766 3749 909 3812 Sanctam
923 3750 1056 3812 Crucem
1072 3759 1102 3811 et
1118 3746 1238 3810 Meiros
1251 3747 1291 3810 de
1306 3761 1388 3811 terra
1399 3770 1462 3833 que
1472 3762 1601 3814 vocatur
1614 3771 1686 3814 aera
1696 3752 1807 3814 Sancte

389 3873 498 3938 crucis.
541 3872 664 3958 Regiat.
680 3878 787 3933 recmt.

1025 4117 1169 4181 KYLE.

394 4249 467 4316 517.
491 4247 741 4329 Transumptum
764 4240 924 4306 literarum
942 4240 983 4305 de
996 4240 1192 4308 institutione
1205 4238 1360 4305 Johannis
1382 4238 1422 4304 de
1437 4240 1545 4305 Carric
1568 4240 1601 4304 in
1625 4238 1751 4305 eeclesia
1771 4240 1811 4304 de

396 4368 544 4434 Ochiltre.
591 4367 681 4453 Orig.

395 4493 468 4555 518.
493 4474 749 4554 Instrumentum⁸
765 4483 805 4549 de
823 4483 987 4548 collatione
1001 4482 1155 4549 Wilielmi
1173 4484 1258 4569 Fary
1273 4482 1306 4547 in
1329 4480 1486 4547 ecclesiam
1511 4481 1551 4547 de
1574 4481 1771 4547 Torboltoun
1794 4504 1815 4545 a

396 4611 528 4678 Matheo
542 4609 685 4696 episcopo
700 4605 897 4693 Glasguensi.
943 4607 1034 4693 Orig.
