4372 5888
911 2010 1300 2108 TABULA.

680 2653 834 2731 REGE
861 2651 1126 2730 ROBERTO
1152 2653 1185 2729 Ι.
1239 2656 1398 2730 1306-
1414 2661 1519 2736 1329.

997 2901 1222 2966 ABBACIA.

395 3026 468 3095 359.
492 3026 589 3088 Carta
604 3023 704 3111 Regis
718 3024 758 3088 de
772 3022 909 3110 generali
923 3023 1123 3110 protectione.
1171 3024 1262 3110 Orig.

394 3145 467 3213 360.
491 3147 650 3211 Protectio
666 3146 764 3232 Regis
779 3146 903 3210 altera·
933 3148 1024 3233 Orig.

396 3267 469 3334 361.
493 3270 590 3333 Carta
605 3267 706 3355 Regis
720 3266 761 3330 de
775 3267 1008 3332 casualitatibus
1023 3267 1257 3331 vicecomitatus
1272 3265 1312 3329 de
1328 3265 1506 3352 Roxburgh
1526 3268 1675 3330 concessis
1697 3268 1726 3330 in
1751 3268 1824 3331 sub-

394 3390 506 3455 sidium
522 3390 639 3455 fabrice
653 3390 779 3454 ecclesie
793 3390 834 3453 de
848 3412 929 3453 novo
944 3388 1159 3453 construende.
1207 3390 1299 3476 Orig.

394 3513 466 3580 362.
491 3517 587 3578 Carta
602 3514 700 3600 Regis
726 3512 765 3576 de
790 3535 895 3576 annuo
920 3512 1047 3577 redditu
1074 3515 1137 3577 100
1161 3511 1312 3576 librarum
1342 3513 1382 3576 ad
1413 3512 1634 3577 inveniendum
1666 3513 1820 3577 ferculum

392 3635 520 3700 cuilibet
536 3635 694 3700 monacho.
743 3637 836 3723 On‘g.

392 3758 464 3825 363.
489 3760 692 3846 Privilegium
723 3759 821 3845 Regis
849 3756 889 3821 de
917 3756 1053 3844 generali
1079 3758 1272 3843 protectione
1300 3770 1332 3822 et
1362 3757 1402 3822 de
1433 3760 1530 3822 namis
1556 3760 1732 3824 monasterii
1756 3782 1816 3824 non

391 3880 549 3967 capiendis
572 3881 631 3944 nisi
652 3902 710 3967 pro
732 3881 800 3967 ejus
814 3878 922 3943 debito
936 3878 1072 3964 proprio.
1120 3880 1210 3967 Orig.

392 4002 464 4069 364.
488 4002 676 4067 Exhortatio
692 4002 790 4089 Regis
804 4001 845 4065 ad
859 4001 958 4065 filium
975 4023 1066 4064 suum
1083 4001 1201 4080 David,
1217 4001 1257 4066 de
1271 4003 1464 4088 protectione
1480 4006 1665 4069 monasterii.
1713 4007 1804 4093 Orig.

391 4123 464 4190 365.
489 4125 693 4190 Confirmatio
708 4124 838 4189 Patricii
860 4123 900 4187 de
916 4123 1052 4186 Dunbar
1073 4123 1195 4187 comitis
1210 4123 1354 4188 Marchie
1368 4124 1408 4188 de
1431 4126 1520 4188 terris
1543 4125 1719 4189 monasterii
1734 4124 1816 4189 infra

392 4247 564 4311 dominium
580 4269 683 4310 suum.
729 4248 819 4333 Orig.

1002 4492 1202 4556 BERWIC.

391 4612 463 4679 366.
488 4612 691 4677 Confirmatio
706 4612 808 4699 Regia
822 4624 905 4678 carte
920 4613 1098 4678 Alexandri
1114 4615 1183 4679 ΙΙΙ.
1201 4614 1299 4700 Regis
1326 4613 1365 4678 de
1380 4615 1622 4701 possessionibus
1637 4620 1814 4684 monasterii

390 4733 422 4797 in
436 4733 548 4818 burgo.
592 4732 715 4820 Regist.
730 4742 840 4797 recent.

388 4851 461 4920 367.
486 4852 676 4917 Mandatum
692 4856 790 4941 Regis
805 4854 845 4919 de
860 4857 924 4920 100
938 4854 1027 4920 libris
1041 4856 1194 4922 solvendis
1208 4879 1267 4944 pro
1283 4863 1305 4898 ‘⁴
1320 4858 1439 4923 ferculo
1454 4859 1579 4945 Regis?
1624 4862 1713 4948 Orc'g.

391 4976 465 5042 368.
490 4976 680 5043 Mandatum
694 4976 735 5042 de
750 4976 868 5045 eodem.
915 4980 1008 5068 0143.
