4372 5888
406 570 673 633 erosas-rr.
751 546 1126 629 MUNIMEN'PA
1151 545 1233 625 DE
1257 545 1498 625 MELROS.
1764 546 1843 625 dub

405 770 620 849 tamdomr'r
636 769 713 846 line
735 778 873 845 terra'm
889 769 1030 844 voltam
1055 767 1280 845 anteriorem
1304 767 1394 865 diotj
1421 767 1627 844 tenementi
1652 789 1742 843 oum
1767 767 1842 842 suis

403 918 533 1009 ptineb‘
549 916 617 991 Ad
632 914 810 1012 psoluend
825 915 995 992 annatim
1011 914 1114 992 dicto
1138 912 1306 1012 dompno
1329 912 1515 991 bernardo
1538 911 1614 989 bell
1638 910 1838 987 heredibus

403 1062 477 1139 suis
493 1071 533 1147 et
549 1061 736 1162 affignatis
753 1061 966 1160 predictum
990 1071 1093 1138 anun
1116 1059 1309 1161 redditum
1326 1069 1492 1158 quatuor
1516 1083 1726 1135 marearum
1751 1082 1840 1134 aum

402 1209 533 1304 ptineri
561 1209 609 1284 ad
635 1209 731 1284 duos
757 1210 818 1283 ani
847 1213 1001 1283 termios
1030 1209 1225 1283 consuetos
1262 1207 1528 1309 Penthecolbes
1561 1211 1620 1304 vi3
1655 1216 1696 1282 et
1727 1207 1842 1281 sancti

403 1356 556 1430 martini
572 1356 613 1429 in
631 1355 755 1431 hieme
771 1379 839 1455 per
854 1355 1004 1455 equales
1020 1356 1210 1455 portiones
1226 1354 1432 1429 secundum
1447 1363 1616 1429 tenorem
1630 1355 1730 1429 dicte
1742 1361 1841 1429 carte

402 1502 611 1577 seodifirme
634 1508 688 1578 ais
712 1528 780 1603 per
804 1503 964 1581 dietum·
979 1503 1151 1602 dompnr‘r
1175 1501 1403 1577 bernardum
1432 1501 1508 1576 bell
1538 1502 1683 1602 prefato
1712 1500 1841 1577 Alano

403 1649 573 1725 Wilsorie
602 1649 758 1746 desuper
785 1650 956 1725 oonfeute
984 1650 1087 1726 Cum
1116 1648 1281 1749 plenaria
1305 1657 1346 1723 et
1373 1647 1489 1771 libera
1523 1648 1705 1747 potestate
1738 1648 1841 1724 dicto

403 1797 571 1896 dompno
587 1797 770 1872 bernardo
785 1796 861 1871 bell
876 1797 1077 1873 heredibus
1093 1796 1168 1871 suis
1184 1807 1224 1872 et
1239 1795 1416 1896 affigunt(
1436 1796 1581 1871 namari
1605 1803 1644 1871 et
1668 1795 1839 1894 distringj

401 1943 608 2041 predictam
626 1953 764 2018 terram
780 1943 1019 2042 posteriorem
1036 1944 1168 2018 subtus
1191 1953 1232 2017 et
1255 1944 1366 2041 supra
1389 1967 1433 2018 ao
1456 1944 1597 2018 dictam
1623 1944 1740 2019 domr‘r
1764 1942 1841 2017 fiue

402 2090 689 2164 terramvastam
706 2090 930 2164 anteriorem
948 2089 1107 2188 predicti
1120 2089 1299 2164 tenemeti
1314 2089 1361 2164 ln
1375 2089 1526 2165 defectu
1538 2089 1735 2166 solutionis
1747 2089 1838 2186 diotj

402 2235 544 2312 annam
569 2235 738 2312 redditus
756 2246 921 2336 quatuor
944 2214 1069 2311 durs
1086 2235 1134 2310 ud
1150 2211 1270 2312 ‘tlmios
1285 2236 1493 2312 antedictos
1508 2236 1647 2311 totiens
1663 2237 1840 2336 quotiens

402 2407 499 2482 opus
514 2383 630 2459 suerit
646 2383 722 2459 line
737 2383 869 2460 fraude
885 2383 947 2458 vel
963 2383 1050 2458 dolo
1068 2383 1190 2484 Super
1204 2382 1345 2483 quibus
1361 2383 1510 2458 oi'nibus
1530 2392 1569 2458 et
1593 2383 1747 2484 lingulis
1773 2381 1841 2456 dis-

402 2540 526 2605 cretus
539 2531 597 2607 vir
609 2531 679 2605 diss
692 2530 866 2606 Andreas
876 2530 1011 2606 moffat
1027 2528 1216 2631 capellan9
1226 2531 1314 2605 noie
1329 2540 1369 2605 et
1384 2553 1433 2607 ex
1450 2538 1555 2629 parte
1571 2530 1664 2607 dieti
1680 2529 1840 2628 dompni

401 2677 575 2753 bernardi
589 2677 665 2752 bell
682 2678 724 2754 A
740 2701 805 2753 me
820 2678 966 2752 notario
981 2674 1134 2776 publioo
1150 2675 1353 2775 subscripto
1369 2676 1435 2753 fibi
1450 2675 1533 2750 fieri
1551 2675 1664 2775 peciit
1681 2674 1752 2751 hoo
1768 2676 1838 2776 {ins

400 2823 556 2922 publicu
573 2823 847 2900 Instrumetum
858 2824 960 2903 Aeta
974 2830 1081 2899 erant
1094 2823 1163 2898 hec
1175 2823 1284 2924 super
1299 2821 1395 2898 fund
1406 2823 1507 2898 dicte
1517 2832 1614 2897 terre
1626 2822 1836 2923 posterioris

401 2971 493 3048 hora
508 2973 611 3070 quali
628 2974 738 3046 tertia
754 2971 836 3070 post
851 2970 1056 3046 merediem
1065 2969 1128 3047 vel
1139 2971 1280 3046 oouiros
1294 2971 1376 3048 Sub
1389 2992 1489 3044 anno
1501 2970 1627 3045 mense
1638 2970 1700 3047 die
1711 2970 1838 3047 Indio-

402 3119 506 3192 tione
521 3126 561 3192 et
577 3119 806 3195 Pontifloatu
818 3119 959 3220 quibus
970 3118 1080 3217 supra
1091 3117 1246 3216 putibus
1260 3116 1409 3200 Ibidem
1421 3116 1701 3193 honorabilibus
1712 3126 1753 3193 et
1768 3118 1840 3194 dis·

402 3265 511 3341 cretis
528 3265 617 3340 vin‘s
634 3265 692 3362 vi3
721 3265 894 3341 Gilberto
907 3262 1111 3362 Wauobop
1137 3263 1311 3362 Georgeo
1323 3263 1529 3363 Wauchop
1558 3265 1728 3340 Roberto
1745 3263 1839 3341 blair

401 3413 577 3490 Jobanne
593 3411 746 3490 Ednem
777 3410 956 3489 Jobanne
971 3409 1180 3487 Carneoorlt
1208 3409 1380 3487 Roberto
1396 3409 1510 3486 meile
1531 3411 1680 3488 Johane
1691 3435 1838 3512 penny-

401 3560 498 3636 auke
517 3560 691 3637 Jobanne
702 3557 793 3635 blak
808 3556 1044 3658 alsbranghy
1063 3555 1240 3633 Jobanne
1250 3556 1354 3656 lepor
1374 3556 1551 3633 Jobanne
1562 3557 1758 3634 tbomsorie
1770 3582 1838 3634 no-

401 3709 496 3782 tario
511 3707 664 3806 publioo
675 3716 716 3782 et
726 3706 899 3782 Roberto
909 3703 1123 3781 Johtesote
1132 3703 1268 3780 diendo
1283 3701 1386 3780 dicte
1398 3703 1611 3804 Regalitata
1627 3713 1667 3780 et
1681 3705 1836 3781 baronia

402 3852 451 3929 de
464 3851 675 3930 broohtoun'
691 3852 866 3930 'restibus
880 3851 930 3926 ad
942 3850 1115 3952 premifl'a
1130 3850 1271 3928 voratis
1286 3822 1457 3952 speciali?
1467 3859 1506 3928 et
1523 3851 1684 3949 Rogatis
1699 3890 1710 3915 ·

625 4146 682 4221 Et
696 4167 769 4245 ego
782 4144 951 4221 Jsoobus
966 4147 1116 4243 gowng
1127 4141 1296 4217 Clericus
1310 4141 1520 4219 nuntiandi
1531 4142 1647 4226 Dior
1658 4142 1838 4243 publicus

624 4290 839 4369 auotorita⁵9
863 4287 1013 4386 Impisli
1038 4287 1220 4390 snagan
1243 4289 1410 4363 notarius
1435 4287 1534 4376 Quia
1556 4289 1716 4390 promitil
1743 4293 1836 4368 offii-

624 4440 696 4517 bus
714 4455 741 4515 't
757 4437 911 4538 fingulis
926 4437 1021 4515 dnm
1036 4437 1147 4545 liert
1171 4435 1408 4537 premittitur
1431 4447 1634 4538 agerentur
1656 4411 1839 4519 didentur

623 4586 804 4663 aflerant
819 4608 983 4662 russum
1007 4587 1198 4686 prenoiatt
1221 4582 1376 4659 testibus
1400 4583 1469 4682 {ins
1493 4557 1615 4661 inlusi
1638 4609 1715 4688 carp
1738 4590 1838 4665 ornis

624 4749 652 4815 *t
679 4732 826 4833 lingula
852 4731 902 4811 fio
928 4732 1011 4809 fieri
1034 4730 1112 4809 diei
1135 4728 1218 4806 vidi
1237 4728 1331 4808 sciui
1356 4745 1384 4811 *t
1405 4730 1541 4809 audiui
1564 4756 1608 4808 ac
1634 4733 1683 4811 In
1707 4742 1837 4809 notam

621 4877 761 4984 sumpti
772 4878 980 4981 ldeonboo
989 4875 1268 4981 impublioum
1278 4876 1416 4959 ludim
1433 4902 1553 4959 maon
1568 4878 1689 4958 eliens
1705 4902 1768 4958 me
1783 4882 1838 4963 sla
