<?xml version="1.0" encoding="UTF-8"?>
<!DOCTYPE html PUBLIC "-//W3C//DTD XHTML 1.0 Transitional//EN"
    "http://www.w3.org/TR/xhtml1/DTD/xhtml1-transitional.dtd">
<html xmlns="http://www.w3.org/1999/xhtml" xml:lang="en" lang="en">
 <head>
  <title>
</title>
<meta http-equiv="Content-Type" content="text/html;charset=utf-8" />
  <meta name='ocr-system' content='tesseract 3.04.00' />
  <meta name='ocr-capabilities' content='ocr_page ocr_carea ocr_par ocr_line ocrx_word'/>
</head>
<body>
  <div class='ocr_page' id='page_1' title='image "./libersanctemari00innegoog_0033.png"; bbox 0 0 4394 5872; ppageno 0'>
   <div class='ocr_carea' id='block_1_1' title="bbox 948 1053 1263 1131">
    <p class='ocr_par' dir='ltr' id='par_1_1' title="bbox 948 1053 1263 1131">
     <span class='ocr_line' id='line_1_1' title="bbox 948 1053 1263 1131; baseline -0.003 -2"><span class='ocrx_word' id='word_1_1' title='bbox 948 1053 1263 1131; x_wconf 88' lang='lat' dir='ltr'>APPENDIX.</span> 
     </span>
    </p>
   </div>
   <div class='ocr_carea' id='block_1_2' title="bbox 384 1299 1818 3488">
    <p class='ocr_par' dir='ltr' id='par_1_2' title="bbox 384 1299 1818 3488">
     <span class='ocr_line' id='line_1_2' title="bbox 411 1299 1818 1398; baseline 0.004 -24"><span class='ocrx_word' id='word_1_2' title='bbox 411 1314 440 1374; x_wconf 90' lang='lat'><strong>1.</strong></span> <span class='ocrx_word' id='word_1_3' title='bbox 465 1313 562 1377; x_wconf 82' lang='lat' dir='ltr'><strong>Carta</strong></span> <span class='ocrx_word' id='word_1_4' title='bbox 577 1312 676 1398; x_wconf 86' lang='lat' dir='ltr'><strong>Regis</strong></span> <span class='ocrx_word' id='word_1_5' title='bbox 691 1311 841 1378; x_wconf 84' lang='lat' dir='ltr'><strong>DavidI.</strong></span> <span class='ocrx_word' id='word_1_6' title='bbox 867 1310 908 1378; x_wconf 87' lang='lat' dir='ltr'><strong>de</strong></span> <span class='ocrx_word' id='word_1_7' title='bbox 920 1312 1070 1389; x_wconf 76' lang='lat' dir='ltr'><strong>abbacie</strong></span> <span class='ocrx_word' id='word_1_8' title='bbox 1095 1299 1202 1379; x_wconf 71' lang='lat' dir='ltr'><strong>eodeni</strong></span> <span class='ocrx_word' id='word_1_9' title='bbox 1218 1314 1283 1378; x_wconf 86' lang='lat' dir='ltr'><strong>fere</strong></span> <span class='ocrx_word' id='word_1_10' title='bbox 1307 1312 1339 1377; x_wconf 94' lang='lat' dir='ltr'><strong>in</strong></span> <span class='ocrx_word' id='word_1_11' title='bbox 1361 1311 1507 1378; x_wconf 90' lang='lat' dir='ltr'><strong>omnibus</strong></span> <span class='ocrx_word' id='word_1_12' title='bbox 1521 1335 1592 1378; x_wconf 83' lang='lat' dir='ltr'><strong>curn</strong></span> <span class='ocrx_word' id='word_1_13' title='bbox 1619 1326 1704 1379; x_wconf 83' lang='lat' dir='ltr'><strong>carta</strong></span> <span class='ocrx_word' id='word_1_14' title='bbox 1730 1316 1770 1379; x_wconf 92' lang='lat' dir='ltr'><strong>N.</strong></span> <span class='ocrx_word' id='word_1_15' title='bbox 1788 1318 1818 1380; x_wconf 94' lang='lat' dir='ltr'>l</span> 
     </span>
     <span class='ocr_line' id='line_1_3' title="bbox 409 1435 1142 1525; baseline 0.007 -27"><span class='ocrx_word' id='word_1_16' title='bbox 409 1435 468 1499; x_wconf 77' lang='lat' dir='ltr'><strong>En</strong></span> <span class='ocrx_word' id='word_1_17' title='bbox 482 1437 664 1524; x_wconf 75' lang='lat' dir='ltr'><strong>apographo</strong></span> <span class='ocrx_word' id='word_1_18' title='bbox 677 1439 784 1501; x_wconf 79' lang='lat' dir='ltr'><strong>iuter‘</strong></span> <span class='ocrx_word' id='word_1_19' title='bbox 787 1437 997 1525; x_wconf 72' lang='lat' dir='ltr'><strong>‘Diplomotu</strong></span> <span class='ocrx_word' id='word_1_20' title='bbox 1011 1436 1142 1503; x_wconf 56' lang='lat' dir='ltr'><strong>Sorte?</strong></span> 
     </span>
     <span class='ocr_line' id='line_1_4' title="bbox 409 1517 1817 1648; baseline 0.003 -28"><span class='ocrx_word' id='word_1_21' title='bbox 409 1560 438 1620; x_wconf 73' lang='lat'><strong>2.</strong></span> <span class='ocrx_word' id='word_1_22' title='bbox 474 1561 571 1624; x_wconf 84' lang='lat' dir='ltr'><strong>Carta</strong></span> <span class='ocrx_word' id='word_1_23' title='bbox 594 1561 693 1644; x_wconf 86' lang='lat' dir='ltr'><strong>Regis</strong></span> <span class='ocrx_word' id='word_1_24' title='bbox 716 1559 890 1625; x_wconf 82' lang='lat' dir='ltr'><strong>Alexandri</strong></span> <span class='ocrx_word' id='word_1_25' title='bbox 914 1549 963 1626; x_wconf 87' lang='lat'><strong>11.</strong></span> <span class='ocrx_word' id='word_1_26' title='bbox 992 1560 1032 1626; x_wconf 93' lang='lat' dir='ltr'><strong>de</strong></span> <span class='ocrx_word' id='word_1_27' title='bbox 1047 1559 1192 1647; x_wconf 86' lang='lat' dir='ltr'><strong>Ethryc;</strong></span> <span class='ocrx_word' id='word_1_28' title='bbox 1221 1583 1294 1647; x_wconf 88' lang='lat' dir='ltr'><strong>quae</strong></span> <span class='ocrx_word' id='word_1_29' title='bbox 1319 1563 1445 1627; x_wconf 85' lang='lat' dir='ltr'><strong>inventa</strong></span> <span class='ocrx_word' id='word_1_30' title='bbox 1471 1576 1517 1625; x_wconf 88' lang='lat' dir='ltr'><strong>est</strong></span> <span class='ocrx_word' id='word_1_31' title='bbox 1540 1517 1708 1647; x_wconf 79' lang='lat' dir='ltr'><strong>postquam</strong></span> <span class='ocrx_word' id='word_1_32' title='bbox 1733 1562 1817 1648; x_wconf 83' lang='lat' dir='ltr'><strong>typis</strong></span> 
     </span>
     <span class='ocr_line' id='line_1_5' title="bbox 409 1680 1459 1772; baseline 0.003 -27"><span class='ocrx_word' id='word_1_33' title='bbox 409 1680 558 1746; x_wconf 80' lang='lat' dir='ltr'><strong>mandata</strong></span> <span class='ocrx_word' id='word_1_34' title='bbox 572 1682 666 1747; x_wconf 87' lang='lat' dir='ltr'><strong>fuerit</strong></span> <span class='ocrx_word' id='word_1_35' title='bbox 682 1685 723 1748; x_wconf 91' lang='lat' dir='ltr'><strong>N.</strong></span> <span class='ocrx_word' id='word_1_36' title='bbox 740 1682 814 1750; x_wconf 72' lang='lat'><strong>264.</strong></span> <span class='ocrx_word' id='word_1_37' title='bbox 831 1683 872 1747; x_wconf 82' lang='lat' dir='ltr'><strong>ad</strong></span> <span class='ocrx_word' id='word_1_38' title='bbox 886 1683 980 1747; x_wconf 89' lang='lat' dir='ltr'><strong>fidem</strong></span> <span class='ocrx_word' id='word_1_39' title='bbox 996 1683 1119 1770; x_wconf 77' lang='lat' dir='ltr'>registri</span> <span class='ocrx_word' id='word_1_40' title='bbox 1135 1684 1320 1748; x_wconf 83' lang='lat' dir='ltr'><strong>vetustioris.</strong></span> <span class='ocrx_word' id='word_1_41' title='bbox 1368 1686 1459 1772; x_wconf 56' lang='grc' dir='ltr'><strong>θήρ.</strong></span> 
     </span>
     <span class='ocr_line' id='line_1_6' title="bbox 408 1803 1815 1892; baseline 0.001 -26"><span class='ocrx_word' id='word_1_42' title='bbox 408 1804 439 1866; x_wconf 79' lang='lat'><strong>3.</strong></span> <span class='ocrx_word' id='word_1_43' title='bbox 462 1805 559 1868; x_wconf 83' lang='lat' dir='ltr'><strong>Carta</strong></span> <span class='ocrx_word' id='word_1_44' title='bbox 574 1803 727 1869; x_wconf 88' lang='lat' dir='ltr'><strong>Willelmi</strong></span> <span class='ocrx_word' id='word_1_45' title='bbox 743 1804 782 1869; x_wconf 93' lang='lat' dir='ltr'><strong>de</strong></span> <span class='ocrx_word' id='word_1_46' title='bbox 798 1806 881 1870; x_wconf 90' lang='lat' dir='ltr'><strong>Brus</strong></span> <span class='ocrx_word' id='word_1_47' title='bbox 907 1804 947 1868; x_wconf 90' lang='lat' dir='ltr'><strong>de</strong></span> <span class='ocrx_word' id='word_1_48' title='bbox 972 1803 1106 1891; x_wconf 84' lang='lat' dir='ltr'><strong>piscaria</strong></span> <span class='ocrx_word' id='word_1_49' title='bbox 1130 1805 1170 1869; x_wconf 89' lang='lat' dir='ltr'><strong>de</strong></span> <span class='ocrx_word' id='word_1_50' title='bbox 1194 1804 1395 1892; x_wconf 78' lang='lat' dir='ltr'><strong>Rainpetrik,</strong></span> <span class='ocrx_word' id='word_1_51' title='bbox 1420 1806 1505 1869; x_wconf 83' lang='lat' dir='ltr'><strong>salvo</strong></span> <span class='ocrx_word' id='word_1_52' title='bbox 1528 1817 1650 1870; x_wconf 80' lang='lat' dir='ltr'><strong>tuntum</strong></span> <span class='ocrx_word' id='word_1_53' title='bbox 1668 1807 1815 1892; x_wconf 83' lang='lat' dir='ltr'><strong>sturjone.</strong></span> 
     </span>
     <span class='ocr_line' id='line_1_7' title="bbox 407 1924 713 1997; baseline -0.003 -9"><span class='ocrx_word' id='word_1_54' title='bbox 407 1924 485 1992; x_wconf 89' lang='lat' dir='ltr'><strong>MS.</strong></span> <span class='ocrx_word' id='word_1_55' title='bbox 503 1925 600 1991; x_wconf 80' lang='lat' dir='ltr'><strong>Harl.</strong></span> <span class='ocrx_word' id='word_1_56' title='bbox 618 1928 713 1997; x_wconf 84' lang='grc'><strong>3891.</strong></span> 
     </span>
     <span class='ocr_line' id='line_1_8' title="bbox 409 2048 1729 2137; baseline -0.001 -26"><span class='ocrx_word' id='word_1_57' title='bbox 409 2051 438 2111; x_wconf 85' lang='lat'><strong>4.</strong></span> <span class='ocrx_word' id='word_1_58' title='bbox 462 2050 559 2113; x_wconf 80' lang='lat' dir='ltr'><strong>Carta</strong></span> <span class='ocrx_word' id='word_1_59' title='bbox 573 2048 727 2113; x_wconf 87' lang='lat' dir='ltr'><strong>Willeimi</strong></span> <span class='ocrx_word' id='word_1_60' title='bbox 742 2048 782 2113; x_wconf 91' lang='lat' dir='ltr'><strong>de</strong></span> <span class='ocrx_word' id='word_1_61' title='bbox 798 2051 882 2114; x_wconf 87' lang='lat' dir='ltr'><strong>Brus</strong></span> <span class='ocrx_word' id='word_1_62' title='bbox 896 2049 936 2114; x_wconf 89' lang='lat' dir='ltr'><strong>de</strong></span> <span class='ocrx_word' id='word_1_63' title='bbox 952 2049 1049 2113; x_wconf 81' lang='lat' dir='ltr'><strong>salina</strong></span> <span class='ocrx_word' id='word_1_64' title='bbox 1064 2070 1159 2137; x_wconf 87' lang='lat' dir='ltr'><strong>super</strong></span> <span class='ocrx_word' id='word_1_65' title='bbox 1174 2049 1319 2113; x_wconf 86' lang='lat' dir='ltr'><strong>sabulum</strong></span> <span class='ocrx_word' id='word_1_66' title='bbox 1335 2050 1376 2114; x_wconf 90' lang='lat' dir='ltr'><strong>de</strong></span> <span class='ocrx_word' id='word_1_67' title='bbox 1391 2049 1601 2137; x_wconf 82' lang='lat' dir='ltr'><strong>Rnynpntrik.</strong></span> <span class='ocrx_word' id='word_1_68' title='bbox 1647 2052 1729 2114; x_wconf 80' lang='lat' dir='ltr'><strong>Itrid.</strong></span> 
     </span>
     <span class='ocr_line' id='line_1_9' title="bbox 407 2170 1812 2258; baseline 0 -24"><span class='ocrx_word' id='word_1_69' title='bbox 407 2174 437 2234; x_wconf 89' lang='lat'><strong>5.</strong></span> <span class='ocrx_word' id='word_1_70' title='bbox 463 2173 559 2236; x_wconf 76' lang='lat' dir='ltr'><strong>Carta</strong></span> <span class='ocrx_word' id='word_1_71' title='bbox 570 2170 699 2235; x_wconf 70' lang='lat' dir='ltr'><strong>Ricardi</strong></span> <span class='ocrx_word' id='word_1_72' title='bbox 710 2171 866 2258; x_wconf 84' lang='lat' dir='ltr'><strong>Fleming,</strong></span> <span class='ocrx_word' id='word_1_73' title='bbox 882 2171 1042 2236; x_wconf 81' lang='lat' dir='ltr'><strong>camerarii</strong></span> <span class='ocrx_word' id='word_1_74' title='bbox 1052 2171 1207 2236; x_wconf 85' lang='lat' dir='ltr'><strong>willelmi</strong></span> <span class='ocrx_word' id='word_1_75' title='bbox 1222 2170 1262 2236; x_wconf 89' lang='lat' dir='ltr'><strong>de</strong></span> <span class='ocrx_word' id='word_1_76' title='bbox 1277 2174 1370 2252; x_wconf 87' lang='lat' dir='ltr'><strong>Brus‚</strong></span> <span class='ocrx_word' id='word_1_77' title='bbox 1386 2172 1427 2237; x_wconf 93' lang='lat' dir='ltr'><strong>de</strong></span> <span class='ocrx_word' id='word_1_78' title='bbox 1443 2172 1539 2237; x_wconf 80' lang='lat' dir='ltr'><strong>salina</strong></span> <span class='ocrx_word' id='word_1_79' title='bbox 1552 2172 1592 2238; x_wconf 87' lang='lat' dir='ltr'><strong>de</strong></span> <span class='ocrx_word' id='word_1_80' title='bbox 1604 2171 1812 2258; x_wconf 81' lang='lat' dir='ltr'><strong>Raynpntrik.</strong></span> 
     </span>
     <span class='ocr_line' id='line_1_10' title="bbox 406 2295 487 2359; baseline -0.013 0"><span class='ocrx_word' id='word_1_81' title='bbox 406 2295 487 2359; x_wconf 79' lang='lat' dir='ltr'><strong>Idid</strong></span> 
     </span>
     <span class='ocr_line' id='line_1_11' title="bbox 406 2416 1123 2485; baseline 0.006 -4"><span class='ocrx_word' id='word_1_82' title='bbox 406 2416 436 2481; x_wconf 93' lang='lat'><strong>6.</strong></span> <span class='ocrx_word' id='word_1_83' title='bbox 462 2419 667 2484; x_wconf 84' lang='lat' dir='ltr'><strong>Confirmatio</strong></span> <span class='ocrx_word' id='word_1_84' title='bbox 681 2418 834 2483; x_wconf 88' lang='lat' dir='ltr'><strong>Willelmi</strong></span> <span class='ocrx_word' id='word_1_85' title='bbox 849 2417 889 2483; x_wconf 85' lang='lat' dir='ltr'><strong>de</strong></span> <span class='ocrx_word' id='word_1_86' title='bbox 905 2420 997 2484; x_wconf 91' lang='lat' dir='ltr'><strong>Brus.</strong></span> <span class='ocrx_word' id='word_1_87' title='bbox 1042 2416 1123 2485; x_wconf 71' lang='lat' dir='ltr'><strong>thid.</strong></span> 
     </span>
     <span class='ocr_line' id='line_1_12' title="bbox 407 2541 1470 2630; baseline -0.002 -22"><span class='ocrx_word' id='word_1_88' title='bbox 407 2544 436 2608; x_wconf 99' lang='grc'><strong>7</strong></span> <span class='ocrx_word' id='word_1_89' title='bbox 460 2542 664 2607; x_wconf 81' lang='lat' dir='ltr'><strong>Confirmatio</strong></span> <span class='ocrx_word' id='word_1_90' title='bbox 680 2541 812 2608; x_wconf 86' lang='lat' dir='ltr'><strong>Roberti</strong></span> <span class='ocrx_word' id='word_1_91' title='bbox 826 2541 867 2608; x_wconf 89' lang='lat' dir='ltr'><strong>de</strong></span> <span class='ocrx_word' id='word_1_92' title='bbox 882 2545 967 2607; x_wconf 90' lang='lat' dir='ltr'><strong>Brus</strong></span> <span class='ocrx_word' id='word_1_93' title='bbox 981 2542 1067 2607; x_wconf 92' lang='lat' dir='ltr'><strong>de</strong></span> <span class='ocrx_word' id='word_1_94' title='bbox 1035 2543 1168 2630; x_wconf 77' lang='lat' dir='ltr'><strong>piscarie</strong></span> <span class='ocrx_word' id='word_1_95' title='bbox 1183 2555 1224 2608; x_wconf 92' lang='lat' dir='ltr'><strong>et</strong></span> <span class='ocrx_word' id='word_1_96' title='bbox 1230 2542 1343 2607; x_wconf 79' lang='lat' dir='ltr'><strong>salinis.</strong></span> <span class='ocrx_word' id='word_1_97' title='bbox 1389 2544 1470 2608; x_wconf 84' lang='lat' dir='ltr'><strong>Ibid.</strong></span> 
     </span>
     <span class='ocr_line' id='line_1_13' title="bbox 406 2662 1812 2751; baseline 0.003 -29"><span class='ocrx_word' id='word_1_98' title='bbox 406 2664 436 2722; x_wconf 93' lang='lat'><strong>8.</strong></span> <span class='ocrx_word' id='word_1_99' title='bbox 459 2662 635 2727; x_wconf 89' lang='lat' dir='ltr'><strong>Conventio</strong></span> <span class='ocrx_word' id='word_1_100' title='bbox 657 2662 739 2727; x_wconf 90' lang='lat' dir='ltr'><strong>inter</strong></span> <span class='ocrx_word' id='word_1_101' title='bbox 772 2664 892 2728; x_wconf 85' lang='lat' dir='ltr'><strong>Meiros</strong></span> <span class='ocrx_word' id='word_1_102' title='bbox 924 2678 956 2727; x_wconf 88' lang='lat' dir='ltr'><strong>et</strong></span> <span class='ocrx_word' id='word_1_103' title='bbox 986 2664 1221 2728; x_wconf 83' lang='lat' dir='ltr'><strong>Holmcultram</strong></span> <span class='ocrx_word' id='word_1_104' title='bbox 1257 2663 1297 2728; x_wconf 88' lang='lat' dir='ltr'><strong>de</strong></span> <span class='ocrx_word' id='word_1_105' title='bbox 1330 2678 1412 2727; x_wconf 85' lang='lat' dir='ltr'><strong>terra</strong></span> <span class='ocrx_word' id='word_1_106' title='bbox 1444 2662 1484 2728; x_wconf 89' lang='lat' dir='ltr'><strong>de</strong></span> <span class='ocrx_word' id='word_1_107' title='bbox 1509 2662 1710 2751; x_wconf 78' lang='lat' dir='ltr'><strong>Rainpatrik,</strong></span> <span class='ocrx_word' id='word_1_108' title='bbox 1740 2685 1812 2727; x_wconf 87' lang='lat' dir='ltr'><strong>cum</strong></span> 
     </span>
     <span class='ocr_line' id='line_1_14' title="bbox 406 2782 845 2868; baseline 0.002 -21"><span class='ocrx_word' id='word_1_109' title='bbox 406 2782 546 2868; x_wconf 79' lang='lat' dir='ltr'><strong>piscariis</strong></span> <span class='ocrx_word' id='word_1_110' title='bbox 560 2796 591 2848; x_wconf 91' lang='lat' dir='ltr'><strong>et</strong></span> <span class='ocrx_word' id='word_1_111' title='bbox 607 2784 719 2848; x_wconf 85' lang='lat' dir='ltr'><strong>salinis.</strong></span> <span class='ocrx_word' id='word_1_112' title='bbox 763 2785 845 2848; x_wconf 77' lang='lat' dir='ltr'><strong>Ibid.</strong></span> 
     </span>
     <span class='ocr_line' id='line_1_15' title="bbox 406 2907 1501 2973; baseline 0.002 -2"><span class='ocrx_word' id='word_1_113' title='bbox 406 2910 436 2971; x_wconf 91' lang='grc'><strong>9.</strong></span> <span class='ocrx_word' id='word_1_114' title='bbox 461 2907 664 2973; x_wconf 83' lang='lat' dir='ltr'><strong>Confirmatio</strong></span> <span class='ocrx_word' id='word_1_115' title='bbox 679 2908 812 2973; x_wconf 88' lang='lat' dir='ltr'><strong>Roberti</strong></span> <span class='ocrx_word' id='word_1_116' title='bbox 826 2907 866 2972; x_wconf 89' lang='lat' dir='ltr'><strong>de</strong></span> <span class='ocrx_word' id='word_1_117' title='bbox 882 2910 967 2973; x_wconf 85' lang='lat' dir='ltr'><strong>Brus</strong></span> <span class='ocrx_word' id='word_1_118' title='bbox 981 2907 1100 2973; x_wconf 86' lang='lat' dir='ltr'><strong>domiui</strong></span> <span class='ocrx_word' id='word_1_119' title='bbox 1115 2907 1205 2973; x_wconf 79' lang='lat' dir='ltr'><strong>vallis</strong></span> <span class='ocrx_word' id='word_1_120' title='bbox 1220 2907 1376 2971; x_wconf 82' lang='lat' dir='ltr'><strong>Anandie.</strong></span> <span class='ocrx_word' id='word_1_121' title='bbox 1423 2909 1501 2973; x_wconf 71' lang='grc' dir='ltr'><strong>16ἱὰ</strong></span> 
     </span>
     <span class='ocr_line' id='line_1_16' title="bbox 386 3028 1813 3121; baseline 0.002 -28"><span class='ocrx_word' id='word_1_122' title='bbox 386 3032 436 3094; x_wconf 91' lang='grc'><strong>10.</strong></span> <span class='ocrx_word' id='word_1_123' title='bbox 447 3112 451 3121; x_wconf 31' lang='grc' dir='ltr'>Ι</span> <span class='ocrx_word' id='word_1_124' title='bbox 462 3031 558 3095; x_wconf 77' lang='lat' dir='ltr'><strong>Carta</strong></span> <span class='ocrx_word' id='word_1_125' title='bbox 567 3032 749 3096; x_wconf 85' lang='lat' dir='ltr'><strong>Conventus</strong></span> <span class='ocrx_word' id='word_1_126' title='bbox 763 3028 804 3095; x_wconf 89' lang='lat' dir='ltr'><strong>de</strong></span> <span class='ocrx_word' id='word_1_127' title='bbox 819 3031 949 3109; x_wconf 85' lang='lat' dir='ltr'><strong>Meiros,</strong></span> <span class='ocrx_word' id='word_1_128' title='bbox 965 3030 1005 3096; x_wconf 93' lang='lat' dir='ltr'><strong>de</strong></span> <span class='ocrx_word' id='word_1_129' title='bbox 1020 3030 1127 3118; x_wconf 77' lang='lat' dir='ltr'><strong>places</strong></span> <span class='ocrx_word' id='word_1_130' title='bbox 1141 3030 1174 3093; x_wconf 93' lang='lat' dir='ltr'><strong>in</strong></span> <span class='ocrx_word' id='word_1_131' title='bbox 1190 3029 1264 3094; x_wconf 83' lang='lat' dir='ltr'><strong>villa</strong></span> <span class='ocrx_word' id='word_1_132' title='bbox 1286 3029 1391 3095; x_wconf 80' lang='lat' dir='ltr'><strong>Sancti</strong></span> <span class='ocrx_word' id='word_1_133' title='bbox 1404 3029 1522 3094; x_wconf 87' lang='lat' dir='ltr'><strong>Botulfi</strong></span> <span class='ocrx_word' id='word_1_134' title='bbox 1538 3028 1612 3094; x_wconf 85' lang='lat' dir='ltr'><strong>data</strong></span> <span class='ocrx_word' id='word_1_135' title='bbox 1627 3032 1813 3096; x_wconf 83' lang='lat' dir='ltr'><strong>monasterio</strong></span> 
     </span>
     <span class='ocr_line' id='line_1_17' title="bbox 384 3153 807 3221; baseline 0.005 -4"><span class='ocrx_word' id='word_1_136' title='bbox 384 3153 424 3217; x_wconf 92' lang='lat' dir='ltr'><strong>de</strong></span> <span class='ocrx_word' id='word_1_137' title='bbox 439 3153 680 3221; x_wconf 79' lang='lat' dir='ltr'><strong>Holmcultrsm.</strong></span> <span class='ocrx_word' id='word_1_138' title='bbox 725 3157 807 3221; x_wconf 76' lang='lat' dir='ltr'><strong>Ibid.</strong></span> 
     </span>
     <span class='ocr_line' id='line_1_18' title="bbox 385 3275 1812 3363; baseline 0 -23"><span class='ocrx_word' id='word_1_139' title='bbox 385 3279 436 3341; x_wconf 88' lang='lat'><strong>11.</strong></span> <span class='ocrx_word' id='word_1_140' title='bbox 461 3277 665 3342; x_wconf 79' lang='lat' dir='ltr'><strong>Confirmatio</strong></span> <span class='ocrx_word' id='word_1_141' title='bbox 690 3277 815 3341; x_wconf 87' lang='lat' dir='ltr'><strong>Thome</strong></span> <span class='ocrx_word' id='word_1_142' title='bbox 840 3277 880 3342; x_wconf 92' lang='lat' dir='ltr'><strong>de</strong></span> <span class='ocrx_word' id='word_1_143' title='bbox 905 3277 1045 3356; x_wconf 90' lang='lat' dir='ltr'><strong>Multon‚</strong></span> <span class='ocrx_word' id='word_1_144' title='bbox 1072 3275 1191 3341; x_wconf 90' lang='lat' dir='ltr'><strong>domini</strong></span> <span class='ocrx_word' id='word_1_145' title='bbox 1218 3275 1424 3360; x_wconf 86' lang='lat' dir='ltr'><strong>Couplandie.</strong></span> <span class='ocrx_word' id='word_1_146' title='bbox 1472 3278 1563 3363; x_wconf 79' lang='lat' dir='ltr'><strong>Orig.</strong></span> <span class='ocrx_word' id='word_1_147' title='bbox 1582 3298 1679 3362; x_wconf 80' lang='lat' dir='ltr'><strong>penes</strong></span> <span class='ocrx_word' id='word_1_148' title='bbox 1708 3278 1754 3338; x_wconf 89' lang='lat' dir='ltr'><strong>W.</strong></span> <span class='ocrx_word' id='word_1_149' title='bbox 1778 3279 1812 3340; x_wconf 84' lang='lat' dir='ltr'><strong>J.</strong></span> 
     </span>
     <span class='ocr_line' id='line_1_19' title="bbox 385 3400 1069 3488; baseline -0.003 -24"><span class='ocrx_word' id='word_1_150' title='bbox 385 3400 536 3465; x_wconf 74' lang='lat' dir='ltr'><strong>Churlton</strong></span> <span class='ocrx_word' id='word_1_151' title='bbox 550 3402 586 3465; x_wconf 79' lang='lat' dir='ltr'><strong>de</strong></span> <span class='ocrx_word' id='word_1_152' title='bbox 600 3402 782 3488; x_wconf 63' lang='lat' dir='ltr'><strong>Herkyside</strong></span> <span class='ocrx_word' id='word_1_153' title='bbox 795 3424 869 3467; x_wconf 84' lang='lat' dir='ltr'><strong>com.</strong></span> <span class='ocrx_word' id='word_1_154' title='bbox 886 3401 1069 3466; x_wconf 70' lang='lat' dir='ltr'><strong>Nerthumb.</strong></span> 
     </span>
    </p>
   </div>
   <div class='ocr_carea' id='block_1_3' title="bbox 277 3519 1807 3598">
    <p class='ocr_par' dir='ltr' id='par_1_3' title="bbox 277 3519 1807 3598">
     <span class='ocr_line' id='line_1_20' title="bbox 277 3519 1807 3598; baseline 0 -13"><span class='ocrx_word' id='word_1_155' title='bbox 277 3574 283 3585; x_wconf 83' lang='grc'><strong><em>,</em></strong></span> <span class='ocrx_word' id='word_1_156' title='bbox 385 3524 436 3585; x_wconf 73' lang='grc'><strong>12.</strong></span> <span class='ocrx_word' id='word_1_157' title='bbox 460 3524 558 3587; x_wconf 81' lang='lat' dir='ltr'><strong>Carta</strong></span> <span class='ocrx_word' id='word_1_158' title='bbox 572 3546 591 3586; x_wconf 81' lang='lat' dir='ltr'>a</span> <span class='ocrx_word' id='word_1_159' title='bbox 606 3524 770 3588; x_wconf 88' lang='lat' dir='ltr'><strong>Conventu</strong></span> <span class='ocrx_word' id='word_1_160' title='bbox 781 3523 821 3587; x_wconf 90' lang='lat' dir='ltr'><strong>de</strong></span> <span class='ocrx_word' id='word_1_161' title='bbox 837 3524 957 3588; x_wconf 86' lang='lat' dir='ltr'><strong>Meiros</strong></span> <span class='ocrx_word' id='word_1_162' title='bbox 971 3543 1114 3587; x_wconf 82' lang='lat' dir='ltr'><strong>concessa</strong></span> <span class='ocrx_word' id='word_1_163' title='bbox 1128 3521 1294 3585; x_wconf 84' lang='lat' dir='ltr'><strong>conventui</strong></span> <span class='ocrx_word' id='word_1_164' title='bbox 1309 3520 1349 3585; x_wconf 89' lang='lat' dir='ltr'><strong>de</strong></span> <span class='ocrx_word' id='word_1_165' title='bbox 1366 3519 1608 3598; x_wconf 84' lang='lat' dir='ltr'><strong>Holmcultram,</strong></span> <span class='ocrx_word' id='word_1_166' title='bbox 1624 3521 1664 3584; x_wconf 87' lang='lat' dir='ltr'><strong>de</strong></span> <span class='ocrx_word' id='word_1_167' title='bbox 1679 3523 1807 3585; x_wconf 83' lang='lat' dir='ltr'><strong>terrain</strong></span> 
     </span>
    </p>
   </div>
   <div class='ocr_carea' id='block_1_4' title="bbox 383 3645 1809 3854">
    <p class='ocr_par' dir='ltr' id='par_1_4' title="bbox 383 3645 1809 3854">
     <span class='ocr_line' id='line_1_21' title="bbox 385 3645 863 3718; baseline -0.004 -7"><span class='ocrx_word' id='word_1_168' title='bbox 385 3645 517 3711; x_wconf 84' lang='lat' dir='ltr'><strong>Karliol.</strong></span> <span class='ocrx_word' id='word_1_169' title='bbox 560 3648 638 3713; x_wconf 88' lang='lat' dir='ltr'><strong>MS.</strong></span> <span class='ocrx_word' id='word_1_170' title='bbox 655 3647 752 3711; x_wconf 81' lang='lat' dir='ltr'><strong>Harl.</strong></span> <span class='ocrx_word' id='word_1_171' title='bbox 769 3649 863 3718; x_wconf 76' lang='lat'><strong>3891.</strong></span> 
     </span>
     <span class='ocr_line' id='line_1_22' title="bbox 383 3766 1809 3854; baseline -0.001 -23"><span class='ocrx_word' id='word_1_172' title='bbox 383 3769 434 3834; x_wconf 82' lang='grc'><strong>13.</strong></span> <span class='ocrx_word' id='word_1_173' title='bbox 460 3770 561 3833; x_wconf 86' lang='lat' dir='ltr'><strong>Breve</strong></span> <span class='ocrx_word' id='word_1_174' title='bbox 585 3767 759 3833; x_wconf 83' lang='lat' dir='ltr'><strong>Alexandri</strong></span> <span class='ocrx_word' id='word_1_175' title='bbox 787 3770 856 3833; x_wconf 93' lang='grc' dir='ltr'><strong>ΙΙΙ.</strong></span> <span class='ocrx_word' id='word_1_176' title='bbox 884 3768 982 3854; x_wconf 84' lang='lat' dir='ltr'><strong>Regis</strong></span> <span class='ocrx_word' id='word_1_177' title='bbox 1007 3766 1292 3854; x_wconf 81' lang='lat' dir='ltr'><strong>adinquirendum</strong></span> <span class='ocrx_word' id='word_1_178' title='bbox 1318 3766 1358 3828; x_wconf 87' lang='lat' dir='ltr'><strong>de</strong></span> <span class='ocrx_word' id='word_1_179' title='bbox 1383 3767 1586 3852; x_wconf 71' lang='lat' dir='ltr'><strong>‹neupatione</strong></span> <span class='ocrx_word' id='word_1_180' title='bbox 1613 3777 1693 3830; x_wconf 86' lang='lat' dir='ltr'><strong>terre</strong></span> <span class='ocrx_word' id='word_1_181' title='bbox 1713 3769 1809 3852; x_wconf 77' lang='lat' dir='ltr'><strong>juxte</strong></span> 
     </span>
    </p>
   </div>
   <div class='ocr_carea' id='block_1_5' title="bbox 382 3892 1810 4227">
    <p class='ocr_par' dir='ltr' id='par_1_5' title="bbox 382 3892 1810 4227">
     <span class='ocr_line' id='line_1_23' title="bbox 382 3892 1135 3981; baseline -0.004 -23"><span class='ocrx_word' id='word_1_182' title='bbox 382 3916 496 3981; x_wconf 81' lang='lat' dir='ltr'><strong>aquom</strong></span> <span class='ocrx_word' id='word_1_183' title='bbox 511 3893 552 3957; x_wconf 92' lang='lat' dir='ltr'><strong>de</strong></span> <span class='ocrx_word' id='word_1_184' title='bbox 567 3892 663 3959; x_wconf 81' lang='lat' dir='ltr'><strong>Gelu.</strong></span> <span class='ocrx_word' id='word_1_185' title='bbox 710 3895 831 3980; x_wconf 79' lang='lat' dir='ltr'><strong>Orig</strong></span> <span class='ocrx_word' id='word_1_186' title='bbox 819 3917 854 3956; x_wconf 82' lang='lat' dir='ltr'><em>m</em></span> <span class='ocrx_word' id='word_1_187' title='bbox 873 3893 982 3956; x_wconf 78' lang='lat' dir='ltr'><strong>Turro</strong></span> <span class='ocrx_word' id='word_1_188' title='bbox 997 3892 1135 3956; x_wconf 63' lang='lat' dir='ltr'><strong>Medon</strong></span> 
     </span>
     <span class='ocr_line' id='line_1_24' title="bbox 382 3966 1810 4101; baseline -0.002 -21"><span class='ocrx_word' id='word_1_189' title='bbox 382 4018 433 4080; x_wconf 77' lang='lat'><strong>14.</strong></span> <span class='ocrx_word' id='word_1_190' title='bbox 457 4019 554 4083; x_wconf 77' lang='lat' dir='ltr'><strong>Carta</strong></span> <span class='ocrx_word' id='word_1_191' title='bbox 569 4018 694 4082; x_wconf 87' lang='lat' dir='ltr'><strong>Thorne</strong></span> <span class='ocrx_word' id='word_1_192' title='bbox 708 4017 748 4081; x_wconf 93' lang='lat' dir='ltr'><strong>de</strong></span> <span class='ocrx_word' id='word_1_193' title='bbox 763 4016 875 4083; x_wconf 91' lang='lat' dir='ltr'><strong>Nesbit</strong></span> <span class='ocrx_word' id='word_1_194' title='bbox 891 4016 931 4081; x_wconf 90' lang='lat' dir='ltr'><strong>de</strong></span> <span class='ocrx_word' id='word_1_195' title='bbox 946 4015 1070 4081; x_wconf 81' lang='lat' dir='ltr'><strong>duabus</strong></span> <span class='ocrx_word' id='word_1_196' title='bbox 1092 4014 1172 4079; x_wconf 83' lang='lat' dir='ltr'><strong>aeris</strong></span> <span class='ocrx_word' id='word_1_197' title='bbox 1202 4015 1285 4101; x_wconf 86' lang='lat' dir='ltr'><strong>prati</strong></span> <span class='ocrx_word' id='word_1_198' title='bbox 1306 4015 1337 4077; x_wconf 94' lang='lat' dir='ltr'><strong>in</strong></span> <span class='ocrx_word' id='word_1_199' title='bbox 1362 4013 1516 4078; x_wconf 87' lang='lat' dir='ltr'><strong>territorio</strong></span> <span class='ocrx_word' id='word_1_200' title='bbox 1537 4014 1578 4077; x_wconf 92' lang='lat' dir='ltr'><strong>de</strong></span> <span class='ocrx_word' id='word_1_201' title='bbox 1593 4015 1705 4077; x_wconf 88' lang='lat' dir='ltr'><strong>Nesbit</strong></span> <span class='ocrx_word' id='word_1_202' title='bbox 1729 3966 1810 4078; x_wconf 85' lang='lat' dir='ltr'><strong>datis</strong></span> 
     </span>
     <span class='ocr_line' id='line_1_25' title="bbox 382 4137 715 4227; baseline 0.009 -25"><span class='ocrx_word' id='word_1_203' title='bbox 382 4137 577 4203; x_wconf 76' lang='lat' dir='ltr'><strong>monasterio.</strong></span> <span class='ocrx_word' id='word_1_204' title='bbox 624 4142 715 4227; x_wconf 78' lang='lat' dir='ltr'><strong>Orig.</strong></span> 
     </span>
    </p>
   </div>
   <div class='ocr_carea' id='block_1_6' title="bbox 382 4262 1810 4474">
    <p class='ocr_par' dir='ltr' id='par_1_6' title="bbox 382 4262 1810 4474">
     <span class='ocr_line' id='line_1_26' title="bbox 385 4262 971 4350; baseline -0.002 -23"><span class='ocrx_word' id='word_1_205' title='bbox 385 4267 436 4328; x_wconf 80' lang='lat'><strong>15.</strong></span> <span class='ocrx_word' id='word_1_206' title='bbox 460 4266 556 4329; x_wconf 82' lang='lat' dir='ltr'><strong>Carta</strong></span> <span class='ocrx_word' id='word_1_207' title='bbox 570 4262 708 4350; x_wconf 88' lang='lat' dir='ltr'><strong>ejusdem</strong></span> <span class='ocrx_word' id='word_1_208' title='bbox 723 4264 831 4329; x_wconf 83' lang='lat' dir='ltr'><strong>altera.</strong></span> <span class='ocrx_word' id='word_1_209' title='bbox 879 4264 971 4350; x_wconf 80' lang='lat' dir='ltr'><strong>Orig.</strong></span> 
     </span>
     <span class='ocr_line' id='line_1_27' title="bbox 382 4324 1810 4474; baseline -0.005 -23"><span class='ocrx_word' id='word_1_210' title='bbox 382 4385 433 4453; x_wconf 91' lang='grc'><strong>16.</strong></span> <span class='ocrx_word' id='word_1_211' title='bbox 456 4385 640 4474; x_wconf 78' lang='lat' dir='ltr'><strong>Resignntio</strong></span> <span class='ocrx_word' id='word_1_212' title='bbox 653 4384 783 4451; x_wconf 80' lang='lat' dir='ltr'><strong>Ricardi</strong></span> <span class='ocrx_word' id='word_1_213' title='bbox 796 4385 837 4450; x_wconf 89' lang='lat' dir='ltr'><strong>de</strong></span> <span class='ocrx_word' id='word_1_214' title='bbox 852 4386 937 4451; x_wconf 87' lang='lat' dir='ltr'><strong>Rule</strong></span> <span class='ocrx_word' id='word_1_215' title='bbox 954 4384 995 4450; x_wconf 90' lang='lat' dir='ltr'><strong>de</strong></span> <span class='ocrx_word' id='word_1_216' title='bbox 1009 4405 1114 4449; x_wconf 80' lang='lat' dir='ltr'><strong>annuo</strong></span> <span class='ocrx_word' id='word_1_217' title='bbox 1129 4383 1233 4449; x_wconf 84' lang='lat' dir='ltr'><strong>reditu</strong></span> <span class='ocrx_word' id='word_1_218' title='bbox 1261 4383 1374 4468; x_wconf 84' lang='lat' dir='ltr'><strong>viginti</strong></span> <span class='ocrx_word' id='word_1_219' title='bbox 1398 4381 1567 4446; x_wconf 89' lang='lat' dir='ltr'><strong>solidorum</strong></span> <span class='ocrx_word' id='word_1_220' title='bbox 1583 4403 1678 4467; x_wconf 90' lang='lat' dir='ltr'><strong>quem</strong></span> <span class='ocrx_word' id='word_1_221' title='bbox 1692 4324 1810 4445; x_wconf 86' lang='lat' dir='ltr'><strong>Meiros</strong></span> 
     </span>
    </p>
   </div>
   <div class='ocr_carea' id='block_1_7' title="bbox 378 4507 1811 4959">
    <p class='ocr_par' dir='ltr' id='par_1_7' title="bbox 384 4507 1221 4595">
     <span class='ocr_line' id='line_1_28' title="bbox 384 4507 1221 4595; baseline -0.007 -19"><span class='ocrx_word' id='word_1_222' title='bbox 384 4512 503 4576; x_wconf 87' lang='lat' dir='ltr'><strong>solvere</strong></span> <span class='ocrx_word' id='word_1_223' title='bbox 518 4509 687 4576; x_wconf 81' lang='lat' dir='ltr'><strong>tenebatur</strong></span> <span class='ocrx_word' id='word_1_224' title='bbox 700 4531 759 4594; x_wconf 88' lang='lat' dir='ltr'><strong>pro</strong></span> <span class='ocrx_word' id='word_1_225' title='bbox 771 4521 854 4573; x_wconf 79' lang='lat' dir='ltr'><strong>terra</strong></span> <span class='ocrx_word' id='word_1_226' title='bbox 868 4509 908 4574; x_wconf 92' lang='lat' dir='ltr'><strong>de</strong></span> <span class='ocrx_word' id='word_1_227' title='bbox 924 4507 1083 4575; x_wconf 89' lang='lat' dir='ltr'><strong>Hundun.</strong></span> <span class='ocrx_word' id='word_1_228' title='bbox 1129 4509 1221 4595; x_wconf 76' lang='lat' dir='ltr'><strong>Orig.</strong></span> 
     </span>
    </p>

    <p class='ocr_par' dir='ltr' id='par_1_8' title="bbox 382 4571 1809 4843">
     <span class='ocr_line' id='line_1_29' title="bbox 385 4571 1809 4716; baseline -0.005 -18"><span class='ocrx_word' id='word_1_229' title='bbox 385 4637 436 4701; x_wconf 88' lang='lat'><strong>17.</strong></span> <span class='ocrx_word' id='word_1_230' title='bbox 461 4635 557 4697; x_wconf 82' lang='lat' dir='ltr'><strong>Carta</strong></span> <span class='ocrx_word' id='word_1_231' title='bbox 572 4629 700 4697; x_wconf 80' lang='lat' dir='ltr'><strong>Petricii</strong></span> <span class='ocrx_word' id='word_1_232' title='bbox 717 4630 834 4695; x_wconf 84' lang='lat' dir='ltr'><strong>corbet</strong></span> <span class='ocrx_word' id='word_1_233' title='bbox 859 4630 899 4695; x_wconf 93' lang='lat' dir='ltr'><strong>de</strong></span> <span class='ocrx_word' id='word_1_234' title='bbox 924 4633 1014 4696; x_wconf 90' lang='lat' dir='ltr'><strong>terris</strong></span> <span class='ocrx_word' id='word_1_235' title='bbox 1040 4631 1080 4696; x_wconf 92' lang='lat' dir='ltr'><strong>de</strong></span> <span class='ocrx_word' id='word_1_236' title='bbox 1096 4629 1242 4695; x_wconf 80' lang='lat' dir='ltr'><strong>Herdiau</strong></span> <span class='ocrx_word' id='word_1_237' title='bbox 1266 4644 1297 4693; x_wconf 88' lang='lat' dir='ltr'><strong>et</strong></span> <span class='ocrx_word' id='word_1_238' title='bbox 1314 4629 1539 4716; x_wconf 84' lang='lat' dir='ltr'><strong>Hunggerig</strong></span> <span class='ocrx_word' id='word_1_239' title='bbox 1530 4651 1562 4692; x_wconf 89' lang='lat' dir='ltr'><strong>rn</strong></span> <span class='ocrx_word' id='word_1_240' title='bbox 1590 4628 1744 4694; x_wconf 86' lang='lat' dir='ltr'><strong>territorio</strong></span> <span class='ocrx_word' id='word_1_241' title='bbox 1770 4571 1809 4692; x_wconf 89' lang='lat' dir='ltr'><strong>de</strong></span> 
     </span>
     <span class='ocr_line' id='line_1_30' title="bbox 382 4755 665 4843; baseline -0.014 -22"><span class='ocrx_word' id='word_1_242' title='bbox 382 4755 527 4843; x_wconf 85' lang='lat' dir='ltr'><strong>Foghou.</strong></span> <span class='ocrx_word' id='word_1_243' title='bbox 574 4755 665 4840; x_wconf 80' lang='lat' dir='ltr'><strong>Orig.</strong></span> 
     </span>
    </p>

    <p class='ocr_par' dir='ltr' id='par_1_9' title="bbox 378 4872 1811 4959">
     <span class='ocr_line' id='line_1_31' title="bbox 378 4872 1811 4959; baseline -0.006 -15"><span class='ocrx_word' id='word_1_244' title='bbox 378 4883 429 4944; x_wconf 84' lang='lat'><strong>18.</strong></span> <span class='ocrx_word' id='word_1_245' title='bbox 453 4877 657 4945; x_wconf 85' lang='lat' dir='ltr'><strong>Confirmatio</strong></span> <span class='ocrx_word' id='word_1_246' title='bbox 687 4875 833 4941; x_wconf 84' lang='lat' dir='ltr'><strong>Nicholei</strong></span> <span class='ocrx_word' id='word_1_247' title='bbox 873 4874 912 4939; x_wconf 92' lang='lat' dir='ltr'><strong>de</strong></span> <span class='ocrx_word' id='word_1_248' title='bbox 942 4875 1065 4940; x_wconf 83' lang='lat' dir='ltr'><strong>Grham</strong></span> <span class='ocrx_word' id='word_1_249' title='bbox 1091 4873 1209 4953; x_wconf 86' lang='lat' dir='ltr'><strong>militis,</strong></span> <span class='ocrx_word' id='word_1_250' title='bbox 1236 4873 1276 4939; x_wconf 92' lang='lat' dir='ltr'><strong>de</strong></span> <span class='ocrx_word' id='word_1_251' title='bbox 1303 4887 1386 4940; x_wconf 83' lang='lat' dir='ltr'><strong>terra</strong></span> <span class='ocrx_word' id='word_1_252' title='bbox 1417 4875 1449 4938; x_wconf 89' lang='lat' dir='ltr'><strong>in</strong></span> <span class='ocrx_word' id='word_1_253' title='bbox 1487 4872 1678 4959; x_wconf 81' lang='lat' dir='ltr'><strong>Hnlsington</strong></span> <span class='ocrx_word' id='word_1_254' title='bbox 1714 4893 1811 4957; x_wconf 86' lang='lat' dir='ltr'><strong>quam</strong></span> 
     </span>
    </p>
   </div>
   <div class='ocr_carea' id='block_1_8' title="bbox 378 4997 1266 5084">
    <p class='ocr_par' dir='ltr' id='par_1_10' title="bbox 378 4997 1266 5084">
     <span class='ocr_line' id='line_1_32' title="bbox 378 4997 1266 5084; baseline -0.011 -16"><span class='ocrx_word' id='word_1_255' title='bbox 378 5002 558 5068; x_wconf 89' lang='lat' dir='ltr'><strong>Willelmus</strong></span> <span class='ocrx_word' id='word_1_256' title='bbox 572 5000 612 5066; x_wconf 93' lang='lat' dir='ltr'><strong>de</strong></span> <span class='ocrx_word' id='word_1_257' title='bbox 627 5000 812 5067; x_wconf 85' lang='lat' dir='ltr'><strong>Aleventon</strong></span> <span class='ocrx_word' id='word_1_258' title='bbox 828 4998 915 5064; x_wconf 91' lang='lat' dir='ltr'><strong>dedit</strong></span> <span class='ocrx_word' id='word_1_259' title='bbox 932 4997 1129 5063; x_wconf 82' lang='lat' dir='ltr'><strong>monasterio.</strong></span> <span class='ocrx_word' id='word_1_260' title='bbox 1174 4997 1266 5084; x_wconf 79' lang='lat' dir='ltr'><strong>Orig.</strong></span> 
     </span>
    </p>
   </div>
   <div class='ocr_carea' id='block_1_9' title="bbox 0 0 2202 5872">
    <p class='ocr_par' dir='ltr' id='par_1_11' title="bbox 0 0 2202 5872">
     <span class='ocr_line' id='line_1_33' title="bbox 0 0 2202 5872; baseline 0 3"><span class='ocrx_word' id='word_1_261' title='bbox 0 0 2202 5872; x_wconf 95' lang='lat' dir='ltr'><strong> </strong></span> 
     </span>
    </p>
   </div>
  </div>
 </body>
</html>
