4372 5888
1109 662 1138 714 V

1017 840 1220 907 GLASGU.

399 961 473 1031 W.
497 961 596 1026 Caris
618 960 852 1026 communitatis
880 959 1016 1027 civitatis
1046 962 1252 1050 Glssguensis
1278 961 1321 1027 de
1347 960 1606 1027 inhereditstione
1638 961 1763 1026 Thome
1790 961 1831 1024 de

401 1082 500 1148 Aul.
547 1085 637 1172 οφ.

962 1328 1271 1394 HADINGTUN.

400 1448 475 1518 898.
498 1449 596 1513 Carta
606 1448 631 1512 J
631 1448 762 1513 ohannis
774 1448 900 1515 Giffard
914 1447 1032 1514 domini
1047 1449 1087 1514 de
1098 1450 1209 1515 Yestir
1222 1449 1263 1514 de
1278 1448 1358 1514 tofto
1372 1462 1402 1514 et
1417 1449 1518 1515 crolto
1532 1464 1564 1515 et
1579 1453 1600 1513 2
1614 1451 1737 1516 bovstis
1749 1464 1827 1514 terre

404 1568 438 1632 in
450 1581 625 1634 tenemento
637 1568 712 1635 ville
726 1569 767 1634 de
781 1571 900 1636 Yestir.
948 1573 1039 1659 Orig.

1014 1819 1216 1883 KYNROS.

402 1935 475 2005 394.
498 1938 596 2002 Carta
611 1936 710 2022 Regis
724 1936 764 2000 de
780 1936 859 2001 tosto
873 1950 904 2001 et
919 1937 1018 2002 crosco
1032 1938 1066 2002 in
1080 1937 1155 2003 villa
1169 1937 1210 2003 de
1226 1939 1361 2026 Kynros.
1408 1939 1499 2025 Orig.

402 2065 476 2134 395.
500 2063 688 2146 Preceptum
705 2059 803 2146 Regis
813 2059 903 2146 quod
918 2060 1118 2148 hostilcgium
1134 2061 1166 2125 in
1183 2063 1310 2149 Kynros
1326 2063 1366 2127 sit
1386 2061 1520 2127 liberum
1543 2059 1583 2124 de
1604 2082 1708 2124 annus
1728 2059 1828 2124 filma.

404 2186 528 2273 Regiae.
544 2193 652 2249 recent.

1042 2433 1186 2496 KYLE.

404 2551 478 2624 396.
502 2555 599 2618 Carta
612 2554 637 2618 J
638 2553 726 2618 scobi
743 2551 908 2618 Senescslli
924 2551 1026 2617 Scotie
1040 2551 1127 2638 quod
1141 2565 1222 2617 terre
1236 2551 1276 2617 de
1292 2552 1376 2639 Kyle
1391 2552 1452 2617 sint
1472 2552 1568 2618 libere
1589 2552 1630 2616 sb
1651 2553 1832 2619 ostensioni-

403 2676 465 2740 bus
476 2697 645 2754 armorum‚
660 2686 693 2738 et
707 2696 746 2738 ne
763 2674 890 2739 unicum
904 2673 1057 2738 auxilium
1073 2672 1181 2737 datum
1196 2673 1369 2738 Senescallo
1380 2673 1419 2738 sit
1431 2673 1617 2738 monasterio
1627 2674 1658 2736 in
1671 2685 1830 2760 posterum

404 2793 621 2882 prejudicium.
668 2796 761 2882 Osig.

404 2920 477 2989 397.
502 2914 762 3004 [Oceanus]
786 2915 894 2981 Prima
909 2929 995 2981 carta
1005 2917 1176 2982 Eustachie
1191 2916 1231 2981 de
1242 2916 1385 3002 Colvyle,
1402 2915 1508 2982 relicte
1520 2918 1688 3004 Reginaldi
1702 2917 1732 2981 le
1742 2918 1832 2982 Chen

404 3040 515 3127 patris,
529 3038 569 3103 de
578 3040 849 3127 jurispatronatus
862 3038 995 3104 ecclesie.
1041 3040 1133 3126 Orig.

404 3165 477 3234 398.
503 3160 647 3226 Secunda
661 3172 746 3225 carta
760 3158 910 3247 ejusdem.
956 3163 1048 3249 Θήρ.

406 3288 479 3357 399.
504 3285 614 3350 Tertia
628 3296 714 3349 carta
727 3283 877 3371 ejusdem.
924 3284 1015 3372 Orig.

407 3410 478 3472 400.
501 3405 673 3471 Attestatio
687 3402 827 3490 ejusdem
846 3403 969 3490 dejure
980 3416 1164 3491 patronatus
1179 3404 1315 3484 ecclesie,
1330 3405 1361 3468 in
1377 3428 1441 3490 qus
1456 3405 1496 3470 de
1511 3405 1700 3472 successione
1715 3405 1833 3471 lentilie

404 3529 444 3594 de
460 3528 605 3595 Colville.

406 3651 480 3716 401.
504 3649 696 3715 Investitura
710 3648 836 3713 ecclesie
850 3672 906 3735 pec
922 3649 1098 3714 Robertum
1112 3649 1341 3737 *Glcsguensem
1357 3651 1545 3738 episcopum.
1593 3654 1686 3737 Orig.

406 3777 478 3839 402.
503 3772 707 3838 Confirmatio
722 3772 832 3858 Regis
880 3774 972 3858 Orig.

407 3899 479 3962 403.
504 3896 639 3961 Collatio
654 3895 813 3982 Episcopi.
859 3896 948 3981 Orig.

405 4021 479 4083 404.
503 4017 761 4096 Quietsclnmatio
777 4015 966 4081 Robertide
980 4017 1142 4083 Colevilla.
1190 4020 1281 4106 Orlg.

406 4143 478 4205 405.
502 4138 707 4205 Confirmatio
720 4152 751 4202 et
767 4138 914 4203 warentia
928 4139 1076 4225 ejusdem.
1125 4142 1217 4224 Orig.

407 4260 479 4328 406.
503 4263 609 4348 Rogat
624 4260 705 4325 idem
723 4260 881 4326 Robertus
903 4276 940 4324 ut
961 4261 1088 4326 abbates
1109 4260 1150 4326 de
1164 4261 1335 4347 Dryburch
1359 4278 1388 4325 et
1404 4261 1573 4327 Jecldewcd
1596 4286 1703 4327 cocum
1727 4264 1831 4349 sigilla

405 4396 490 4449 certe
505 4394 742 4470 suespponsnt.
789 4384 881 4471 Orig.

404 4508 479 4574 407.
503 4502 780 4592 [Massicus]
804 4504 1011 4592 Privilegium
1025 4504 1162 4575 habendi
1173 4506 1330 4572 ecclesiam
1343 4507 1569 4594 baptismalem,
1587 4533 1642 4596 per
1653 4511 1831 4575 lichenum

399 4629 587 4716 episcopum
601 4628 827 4716 Glnsguensem
842 4626 1030 4692 concessuni.
1078 4629 1172 4716 Orig.

405 4754 479 4817 403.
503 4749 1016 4837 RatificatioJohsnnisepisccpi.
1061 4751 1155 4838 Orig.
