4394 5872
1093 606 1134 688 vi

1022 813 1195 880 MERSE.

401 941 474 1009 409.
499 939 596 1003 Carta
610 935 685 1002 Ade
703 936 743 1002 de
770 936 901 1004 Gordos
928 936 1037 1004 militis
1058 937 1099 1003 de
1123 948 1208 1003 terra
1228 932 1263 1001 in
1284 934 1442 1002 territorio
1464 935 1505 1002 de
1520 937 1582 1002 Est
1595 936 1741 1016 Gordos,
1764 957 1822 1024 per

398 1062 534 1152 divisas⁴
567 1063 690 1150 Regini.
705 1070 816 1127 recent.

399 1185 472 1248 410.
496 1182 676 1251 Ratifioatio
689 1183 765 1251 Ade
778 1182 835 1250 filti
848 1181 966 1249 domini
981 1184 1056 1251 Ade
1070 1184 1110 1251 de
1125 1182 1266 1249 Gordon.
1311 1184 1435 1272 Reges
1450 1193 1561 1250 recent.

1017 1430 1196 1496 PEBLIS.

397 1553 469 1615 411.
492 1548 652 1637 Obligatio
667 1549 822 1614 Willelmi
837 1550 876 1616 de
892 1552 1016 1617 Darem
1030 1550 1138 1616 militis
1152 1551 1193 1617 de
1206 1550 1355 1618 nmantia
1369 1548 1524 1640 burgagii.
1570 1549 1693 1637 Regin.
1708 1558 1818 1615 recent.

393 1677 466 1738 412.
490 1675 588 1738 Carta
601 1672 741 1759 ejusdem
756 1695 827 1737 cum
845 1673 1000 1739 warentia.
1048 1674 1140 1760 Orig.

950 1920 1237 1986 ROKISBURC.

401 2043 474 2104 418.
499 2041 688 2126 Preceptum
704 2048 736 2102 et
750 2037 905 2104 attestatio
920 2039 1019 2105 sasine
1033 2039 1106 2105 deii
1120 2040 1243 2107 bovatn
1257 2052 1337 2106 terre
1351 2041 1384 2107 in
1399 2041 1579 2130 Bemersyd.
1626 2043 1717 2130 Ori‘g.

394 2164 466 2225 414.
491 2163 667 2227 Consentio
688 2163 770 2226 inter
792 2160 988 2248 Episcopum
1004 2163 1109 2229 Sancti
1124 2162 1255 2229 Andree
1268 2174 1300 2229 et
1315 2164 1436 2229 Melros
1457 2162 1497 2228 de
1518 2175 1602 2228 terra
1616 2162 1656 2227 de
1671 2161 1818 2229 Carthnw

391 2284 425 2348 in
439 2306 604 2349 communa
616 2285 770 2351 habenda.
819 2287 912 2373 Otig.

392 2412 464 2475 415.
490 2405 768 2498 [Lussunnwnn]
793 2411 890 2476 Carta
906 2409 1061 2475 Johannis
1076 2410 1116 2475 de
1131 2410 1317 2476 Hormiston
1331 2409 1372 2475 de
1387 2421 1452 2475 tota
1466 2424 1549 2474 terra
1565 2431 1630 2474 sua.
1678 2410 1768 2496 Orig.

391 2531 464 2599 416.
489 2536 585 2599 Carta
600 2533 698 2620 Regis
711 2533 752 2598 de
767 2544 833 2598 tota
846 2547 930 2599 terra
944 2556 1002 2600 sua
1016 2543 1047 2598 et
1063 2546 1248 2600 tenemento.
1296 2536 1405 2620 orig..

393 2657 465 2722 417.
490 2658 588 2719 Carta
601 2655 751 2741 ejusdem.
799 2657 891 2743 Orig.

394 2779 466 2842 418.
491 2779 587 2841 Carta
616 2776 756 2865 ejusdem
778 2776 948 2842 decadem
970 2800 1043 2842 cum
1065 2777 1198 2842 servitiis
1221 2781 1274 2841 &n
1305 2776 1402 2841 libere
1424 2774 1594 2840 tenentium
1624 2776 1666 2838 ad
1695 2775 1814 2841 dictum

392 2910 604 2963 tenementum
618 2899 851 2986 pertinentium.
900 2902 991 2987 Otig.

392 3022 464 3091 419.
489 3021 680 3086 Mandatum
696 3020 795 3107 Regis
808 3021 850 3087 ad
864 3021 1086 3108 inquirendum
1102 3020 1128 3086 si
1143 3021 1322 3109 Maxpoffil‚
1339 3019 1497 3107 Heuisyd,
1513 3022 1758 3108 Cammaystoun
1783 3035 1813 3087 et

351 3188 355 3197 =
391 3143 558 3209 Iliffistoun
574 3145 710 3209 solebant
726 3145 880 3231 pertinere
894 3143 936 3209 ad
950 3157 1161 3210 tenementum
1180 3145 1221 3211 de
1237 3144 1457 3232 Lessydewyn.
1505 3145 1597 3231 On'g.
1716 3130 1721 3139 ⁸

390 3267 462 3328 420.
487 3267 584 3330 Carta
599 3264 697 3352 Regis
711 3266 751 3330 de
774 3277 949 3331 tenemento
963 3265 1003 3331 de
1017 3264 1227 3354 Lessydewyn
1247 3287 1320 3331 cum
1344 3265 1476 3331 servitiis
1492 3268 1545 3330 &c
1572 3266 1728 3330 dictarum
1754 3279 1813 3331 ter·

390 3408 497 3451 rarum
510 3386 611 3450 eidem
625 3388 856 3474 pertinentium.
904 3391 996 3475 Orig.

389 3512 462 3574 421.
487 3512 583 3575 Carta
598 3510 762 3576 Laurentii
777 3511 818 3576 de
832 3511 1024 3599 Abyrnethy
1039 3511 1080 3577 de
1096 3522 1162 3577 tota
1177 3523 1260 3578 terra
1275 3534 1332 3577 sua
1347 3510 1386 3576 de
1402 3511 1632 3599 Mackyspoffil.
1680 3514 1770 3599 Orig.
1832 3538 1836 3545 ·

390 3634 463 3695 422.
488 3628 703 3721 [Banasam]
727 3635 825 3699 Carta
840 3634 965 3698 Thome
979 3632 1142 3720 Ranulphi
1157 3633 1279 3699 comitis
1295 3632 1448 3699 Moravie.
1496 3636 1587 3720 Orig.

392 3756 465 3818 423.
489 3754 598 3818 Litera
611 3757 759 3820 attornati
774 3779 833 3843 pro
847 3757 949 3821 casina
963 3755 1123 3821 tradenda.
1171 3757 1262 3843 Orig.

388 3877 461 3939 424.
485 3877 595 3940 Lettre
610 3877 762 3942 d'attome
777 3900 838 3965 pur
853 3877 950 3943 doner
965 3879 1092 3966 seysine.
1140 3879 1229 3965 orig

361 3998 367 4009 '
386 3999 460 4063 425.
484 3997 687 4063 Confirmatio
704 3999 832 4064 Patricii
847 3998 968 4064 comitis
984 3997 1137 4064 Marchie.
1186 3999 1277 4086 Orig.

388 4118 459 4184 426.
484 4121 688 4186 Confirmatio
703 4122 811 4209 Regis.
857 4124 983 4211 Regini.
998 4130 1107 4187 recent.

385 4243 459 4308 427.
484 4241 685 4329 indulgentia
698 4265 840 4309 concessa
855 4242 1052 4309 visitantibus
1065 4241 1216 4330 capellam
1230 4241 1271 4306 de
1287 4241 1384 4306 veteri
1400 4241 1530 4306 Melsos.
1562 4244 1688 4329 Regiae.
1701 4255 1810 4309 recent.

388 4366 461 4428 428.
485 4364 677 4451 Compositio
691 4365 772 4430 inter
787 4366 927 4431 Calchou
942 4378 973 4429 et
989 4364 1110 4430 Melros
1125 4364 1165 4429 de
1179 4363 1308 4429 decimis
1322 4363 1362 4428 de
1377 4363 1552 4452 Ugginges.
1600 4366 1689 4452 Orig.
1799 4405 1802 4411 ·

942 4610 1256 4676 TEVIOTDAIL.
1303 4638 1308 4648 ·

386 4726 459 4801 429.
483 4729 664 4795 Ratiiicatio
679 4730 812 4796 Roberti
834 4730 970 4817 episcopi
987 4731 1190 4818 Glasguensis
1211 4730 1252 4795 de
1265 4731 1423 4797 fructibus
1437 4731 1550 4842 vicarie
1570 4732 1611 4799 de
1628 4734 1813 4799 Hasseudeu

387 4854 420 4916 in
435 4853 606 4939 pitanciam
621 4853 779 4918 concessis.
827 4854 917 4940 Orig.

389 4978 461 5042 430.
485 4975 660 5041 Attestatio
673 4991 705 5041 et
720 4974 866 5042 Vidimus
880 4977 904 5040 J
904 4973 1035 5040 ohannis
1049 4975 1196 5062 episcopi.
1243 4978 1328 5062 ottg
