4372 5888
1068 579 1112 631 lv

375 758 449 831 889.
472 755 681 823 Renunciatio
695 753 770 822 Ade
783 753 824 821 de
840 753 965 843 Selleby
980 755 1021 822 de
1035 757 1098 822 situ
1112 754 1228 844 gebelli
1242 755 1283 821 de
1297 753 1485 843 Ledynhnll.
1530 758 1656 846 Regin.
1672 767 1782 825 recent.

376 882 449 948 870.
472 880 570 945 Carta
585 876 739 943 willelmi
753 876 795 942 de
811 876 895 944 Selbi
909 877 992 943 sacta
1007 876 1133 944 Thome
1147 877 1188 942 de
1204 875 1337 944 Selkirk.
1380 878 1504 965 Regin.
1521 889 1630 945 rm.

378 1004 452 1071 371.
474 1003 572 1067 Certa
587 1000 713 1067 Thome
726 1000 768 1066 de
783 998 908 1065 Selkirk
922 999 997 1066 des
1013 1000 1125 1065 mareis
1139 1000 1235 1064 annui
1250 996 1400 1064 redditus.
1445 1000 1568 1087 Regin.
1584 1011 1692 1067 rocem.

375 1128 450 1194 372.
473 1122 677 1193 Confirmatio
693 1123 781 1188 Petri
796 1122 836 1187 de
852 1120 984 1188 Selkirk.
1029 1123 1153 1210 Regin.
1168 1131 1278 1188 κοινή.

375 1251 447 1318 378.
473 1253 570 1316 Carta
585 1245 761 1312 Alexandri
776 1246 890 1311 Frater
903 1244 944 1310 de
959 1259 1042 1311 tem
1055 1246 1089 1310 in
1105 1245 1188 1310 villa.
1233 1246 1356 1333 Regin.
1372 1255 1480 1310 recent.

994 1491 1184 1557 CARRIC.

377 1619 450 1685 374.
475 1613 683 1701 Privilegium
712 1613 812 1700 Regis
837 1613 922 1699 quod
957 1627 1039 1678 terre
1081 1612 1258 1679 monasterii
1295 1612 1449 1678 immunes
1484 1613 1547 1678 sint
1583 1614 1624 1679 ab
1660 1613 1805 1680 munibus

380 1737 535 1825 umagen.
581 1740 672 1826 oeg.

951 1942 1227 2010 DRUMFRES.

378 2071 452 2137 375.
476 2058 681 2155 Privilegitim
708 2066 807 2154 Regis
829 2065 916 2152 quod
939 2078 1019 2132 terre
1051 2067 1230 2131 monasterii
1257 2067 1290 2130 in
1314 2067 1394 2132 valle
1415 2066 1454 2132 de
1485 2067 1564 2132 Nith
1585 2067 1682 2134 libere
1704 2069 1765 2133 sint
1786 2091 1806 2132 a

378 2189 544 2277 emen
592 2192 682 2277 orer·
1924 2176 1929 2185 ·

377 2315 451 2388 376.
476 2312 712 2403 [Eanum]
736 2314 940 2381 Confirmatio
964 2315 1063 2403 Regis
1091 2314 1132 2380 de
1161 2327 1243 2380 terra
1272 2337 1369 2403 quam
1397 2315 1540 2381 monachi
1569 2328 1737 2381 tenuerunt
1766 2316 1806 2380 de

379 2437 505 2504 domino
524 2437 677 2503 Nicholao
690 2436 731 2502 de
746 2437 896 2502 Graham.
943 2439 1035 2526 Orig.

378 2563 452 2631 377.
475 2560 680 2627 Confirmatio
694 2561 718 2625 J
719 2559 851 2625 ohannis
865 2559 905 2624 de
920 2559 1062 2625 Graham
1076 2559 1193 2626 militis.
1239 2562 1331 2648 Ora’g.

380 2686 453 2753 378.
477 2683 638 2769 obligatio
646 2682 798 2768 ejusdem,
809 2683 851 2745 ad
863 2703 971 2768 pacem
984 2682 1083 2767 Regis
1094 2681 1214 2768 Anglie
1224 2680 1395 2759 existentis,
1411 2680 1452 2745 ad
1461 2680 1662 2748 sufficientem
1674 2682 1805 2747 aesinam

379 2804 527 2884 dandam,
543 2826 616 2868 cum
630 2804 726 2867 fuerit
739 2804 807 2890 ipse
822 2804 996 2891 reseysitus.
1043 2805 1135 2891 Orig.

380 2930 454 2998 379.
478 2925 684 2991 Mandement
698 2947 761 3011 pur
774 2924 872 2990 doner
886 2923 988 3012 seysin
1002 2924 1043 2989 de
1057 2936 1137 2989 teres
1150 2923 1191 2989 de
1206 2921 1355 2989 Eskedal.
1401 2927 1494 3014 Orig.

382 3052 456 3114 380.
481 3047 694 3136 Supplication
710 3047 817 3112 Johan
831 3046 872 3112 de
888 3048 1028 3113 Graham
1044 3071 1083 3133 qe
1097 3046 1126 3112 le
1141 3049 1214 3135 Roy
1232 3047 1324 3112 voille
1346 3048 1488 3116 souffrire
1502 3050 1556 3137 q'il
1578 3074 1689 3140 pousse
1711 3053 1808 3119 doner

383 3169 513 3256 saisyne.
560 3170 653 3255 Orig.

382 3293 456 3357 381.
481 3293 670 3378 Preceptum
684 3291 785 3377 Regis
799 3313 858 3378 pro
873 3291 971 3356 literis
984 3290 1233 3357 confirmationis.
1281 3294 1370 3380 Orig.

382 3417 457 3479 383.
481 3414 686 3480 Confirmatio
701 3414 808 3502 Regis.
855 3416 945 3502 Om’g.

384 3539 458 3603 383.
481 3541 578 3602 Carta
589 3539 611 3600 J
613 3536 745 3601 ohannis
755 3536 795 3600 de
805 3537 945 3601 Graham
958 3537 1066 3602 militis
1080 3537 1119 3602 de
1129 3538 1203 3626 jure
1216 3549 1400 3626 patronatus
1414 3540 1539 3607 ecclesie
1553 3542 1593 3608 de
1609 3545 1811 3631 Westyrker,

384 3676 415 3725 et
430 3659 470 3723 de
485 3660 574 3724 terris
588 3659 678 3722 vallis
693 3658 732 3724 de
748 3657 844 3723 Eske.
892 3660 987 3747 Orig.

387 3787 459 3850 384.
483 3788 580 3851 Carta
594 3785 743 3872 ejusdem.
791 3789 881 3874 Orig.

386 3911 460 3974 385.
484 3907 688 3973 confirmatio
703 3910 809 3996 Regis.
856 3910 949 3996 On'g.

387 4030 462 4096 386.
486 4030 676 4096 Mandatum
692 4031 791 4118 Regis
805 4052 864 4118 pro
879 4031 1050 4096 collatione.
1098 4035 1188 4122 Orig.

388 4154 461 4221 387.
486 4152 690 4218 Confirmatio
705 4154 834 4241 capituli
850 4154 1064 4241 Glasguensis,
1081 4155 1153 4220 sede
1167 4169 1303 4222 vacante.
1351 4160 1441 4249 On‘g.

391 4279 465 4341 388.
490 4274 681 4339 Mandatum
694 4276 834 4363 capituli,
847 4276 919 4341 sede
928 4289 1067 4357 vacante,
1078 4301 1137 4365 pro
1146 4280 1351 4358 institutione,
1364 4262 1451 4347 salio
1456 4283 1530 4371 jure
1541 4287 1692 4355 Rectoris.
1718 4293 1810 4379 Orig.

391 4400 464 4468 389.
487 4395 678 4461 Mandatum
692 4398 733 4462 ad
748 4398 983 4474 instituendum,
999 4411 1217 4486 postmortem
1234 4403 1385 4468 Rectoris.
1432 4407 1523 4494 Orig.
1615 4425 1618 4431 ’

392 4523 465 4592 390.
489 4520 693 4585 Confirmatio
707 4523 731 4586 J
732 4521 862 4586 ohannis
877 4523 1013 4610 episcopi
1030 4523 1242 4610 Glasguensis.
1290 4527 1382 4615 Orig.

392 4645 466 4714 391.
491 4641 694 4707 Confirmatio
709 4645 807 4729 Regis
822 4644 861 4709 de
876 4645 1006 4709 terrain
1023 4645 1242 4712 Wathstirker
1257 4647 1316 4714 sub
1334 4646 1472 4715 dominio
1486 4651 1644 4739 quondam
1659 4657 1683 4720 J
1684 4656 1816 4726 ohannis
1839 4688 1843 4698 ·

396 4766 436 4830 de
451 4764 560 4830 Sowlis
574 4762 689 4828 militis.
736 4764 828 4851 Orig.
