4372 5888
423 548 687 617 eunucu.
779 537 1139 618 MUNIMENTA
1164 537 1244 615 DE
1270 537 1523 617 Munius:
1786 539 1858 617 613

426 760 624 835 cuiussibet
650 759 729 857 Sup
743 759 883 860 quibus
910 761 1061 835 cffiibus
1085 768 1124 833 et
1148 759 1302 860 singulis
1319 760 1488 861 prefatus
1505 758 1697 836 Johunnes
1713 759 1859 857 leving·

426 909 519 980 toufi
548 915 760 982 actomatus
788 909 876 981 noie
892 931 970 1005 quo
994 908 1103 1006 supra
1118 931 1141 980 a
1156 906 1264 980 nobis
1288 908 1442 982 notariis
1471 907 1660 1007 subsc²ptis
1686 906 1753 981 fibi
1777 907 1858 980 fieri

423 1054 533 1151 petiit
550 1066 631 1129 vnn
655 1055 718 1129 seu
741 1053 850 1152 plura
873 1052 1029 1152 publico
1052 1055 1116 1127 seu
1140 1053 1291 1153 publice
1314 1053 1537 1128 instrumetn
1562 1055 1624 1128 seu
1641 1054 1860 1128 instmmeta

425 1203 528 1274 Acta
544 1210 650 1275 eraut
667 1200 736 1274 hec
752 1201 818 1296 sup
834 1199 933 1273 fund
949 1199 1049 1275 dicte
1064 1208 1162 1274 terre
1186 1201 1379 1275 anterioris
1405 1202 1502 1276 circo
1526 1200 1616 1275 hora
1632 1209 1763 1299 quarte
1779 1199 1861 1298 post

425 1323 546 1420 niedie
561 1356 630 1420 aut
646 1347 787 1421 eccircc
804 1345 884 1420 Sub
899 1368 999 1449 ¹auno
1015 1347 1112 1421 mese
1128 1347 1190 1421 die
1208 1347 1421 1422 Indictione
1437 1358 1476 1422 et
1491 1347 1713 1446 pontificatu
1723 1347 1863 1446 quibus

425 1493 534 1590 supra
551 1493 704 1591 {intibus
721 1492 801 1566 ibid
817 1493 974 1590 prouidf
991 1493 1069 1575 vire
1104 1493 1266 1566 Wiiimo
1283 1492 1524 1569 halkerstouii
1557 1493 1709 1592 Jaspero
1726 1516 1864 1592 moyne

425 1639 571 1712 notario
599 1637 751 1737 publico
780 1638 927 1738 burgen
961 1638 1009 1712 de
1042 1637 1230 1713 Edinbur‘
1270 1639 1416 1717 Aleirc
1449 1639 1572 1714 miliar
1612 1640 1737 1713 oleiirc
1769 1639 1864 1715 scott

425 1786 567 1859 Jacobo
585 1785 692 1883 King
707 1794 747 1859 et
763 1784 939 1859 Johcnne
956 1784 1151 1884 Goldsmy‘
1168 1797 1216 1859 cu
1233 1762 1324 1860 diiii
1339 1785 1420 1861 aliis
1445 1786 1598 1861 testibus
1622 1786 1670 1861 ad
1695 1784 1863 1885 premissa

427 1932 571 2006 vocatis
588 1939 661 2032 atq„
676 1930 885 2029 Requifitis
975 1940 981 1951 “
1726 1947 1729 1952 “

650 2227 706 2301 Et
722 2249 794 2326 ego
809 2226 1003 2302 Johannes
1020 2225 1211 2303 Jokscune
1235 2232 1306 2327 pbr
1329 2225 1538 2302 sanctiandi
1566 2227 1667 2302 dicc‘
1690 2228 1864 2327 publicus

650 2373 857 2448 cuct‘tibus
881 2373 988 2448 sceris
1012 2375 1130 2472 apiicu
1154 2381 1195 2448 et
1209 2373 1347 2473 Regali
1372 2374 1539 2448 notarius
1560 2374 1664 2462 Quia
1687 2374 1865 2473 premiffis

650 2518 800 2594 cffiibus
827 2529 867 2593 et
894 2519 1049 2619 fingulis
1065 2519 1160 2594 dum
1176 2519 1225 2594 sic
1249 2528 1295 2593 ut
1309 2520 1553 2618 'premittitur
1577 2519 1756 2595 dicerent²
1780 2545 1867 2620 oge-

561 2738 563 2742 i
653 2667 751 2741 rent²
767 2674 807 2741 et
822 2665 956 2741 fierent
971 2690 1135 2741 vnacum
1153 2667 1356 2767 prenoiatis
1372 2667 1525 2742 testibus
1551 2674 1590 2741 et
1614 2667 1759 2743 notario
1783 2669 1867 2744 sul>

654 2815 788 2913 scripto
817 2815 885 2912 fons
917 2814 1115 2911 psonaliier
1147 2814 1303 2889 interfui
1337 2838 1415 2914 eaq„
1446 2815 1547 2889 osuio
1575 2825 1615 2889 et
1642 2814 1787 2915 singulo
1820 2815 1868 2890 fic

652 2960 734 3034 fleri
758 2961 839 3035 vidi
861 2961 953 3036 sciui
977 2972 1017 3036 et
1040 2961 1173 3037 audiui
1197 2986 1240 3036 ac
1264 2962 1304 3035 in
1331 2971 1461 3036 notam
1485 2963 1568 3060 cepi
1593 2961 1687 3036 Ideo
1702 2962 1774 3061 hoo
1797 2963 1865 3061 ῇηε

653 3107 850 3208 publicum
867 3108 1169 3186 Instrumeutum
1185 3133 1303 3184 manu
1320 3133 1403 3183 mea
1419 3110 1567 3208 propria
1582 3107 1744 3185 fideliter
1759 3109 1868 3209 scrip·

654 3265 740 3329 tum
768 3256 908 3331 exinde
931 3256 1074 3332 confeci
1097 3258 1288 3357 subscripii
1312 3267 1352 3333 et
1375 3256 1569 3356 publicuui
1589 3256 1727 3357 signoq„
1741 3265 1868 3333 noi‘nie

654 3409 694 3474 et
708 3401 975 3502 subscriptione
990 3404 1084 3478 meis
1100 3403 1215 3478 solitis
1236 3411 1277 3479 et
1300 3404 1484 3480 consuetis
1499 3413 1620 3479 vnuci'i
1645 3405 1868 3504 appenfione

654 3547 763 3647 sigilii
788 3549 882 3625 dicti
906 3548 1038 3625 bulliui
1061 3549 1173 3625 sefina
1188 3550 1295 3625 hmoi
1310 3550 1434 3626 dantis
1450 3551 1491 3625 in
1508 3549 1616 3650 signu
1633 3553 1866 3627 executionis

653 3696 710 3770 sui
731 3695 844 3771 officii
860 3696 1005 3797 iignuui
1021 3697 1196 3798 Rogatus
1220 3707 1260 3772 et
1275 3698 1498 3797 Requiiitus
1514 3699 1555 3772 in
1571 3700 1688 3775 iidem
1709 3709 1749 3773 et
1767 3700 1867 3773 testi-

654 3843 785 3917 monii'i
802 3846 970 3919 veritatis
985 3845 1091 3921 oium
1107 3856 1147 3922 et
1162 3844 1396 3945 fingulorum
1412 3845 1613 3945 premiss'on

656 4135 713 4210 Et
734 4157 806 4234 ego
821 4134 1014 4212 Johunues
1028 4136 1244 4235 bannctyne
1259 4137 1374 4211 olicus
1392 4134 1625 4212 Dunblcness
1648 4136 1747 4213 dioc
1771 4139 1872 4223 icore.

659 4282 779 4381 apiicu
794 4297 822 4357 u
838 4281 944 4379 impu
969 4283 1089 4358 auctb³
1113 4284 1280 4359 notarius
1308 4288 1393 4383 pu‘9
1421 4283 1525 4372 Quia
1546 4283 1726 4384 premiffii
1744 4285 1866 4382 cffiib3

658 4438 698 4504 et
723 4429 877 4530 fingulis
905 4429 1001 4506 dum
1025 4430 1072 4506 fic
1088 4440 1132 4507 vt
1148 4432 1384 4530 premittitut
1406 4440 1607 4531 egerentur
1629 4432 1809 4508 dicerene
1828 4442 1868 4510 et

654 4577 790 4654 fierent
817 4587 938 4654 vnccsi
968 4578 1045 4654 dno
1072 4580 1218 4654 notario
1246 4578 1490 4680 suprascripto
1517 4588 1557 4653 et
1585 4578 1740 4655 testibus
1769 4582 1867 4680 sup‘-

501 4756 505 4763 ·
542 4767 545 4771 ·
656 4724 766 4801 dictio
793 4725 861 4823 fons
887 4700 1091 4825 personui?
1115 4726 1273 4803 interfui
1303 4750 1380 4827 ecq,
1405 4728 1466 4802 cia
1489 4735 1529 4802 et
1552 4726 1697 4828 fingulo
1720 4728 1768 4803 fio
1783 4727 1867 4803 fieri

500 4926 504 4939 .
591 4900 595 4907 ·
656 4870 739 4947 vidi
759 4873 851 4948 sciui
870 4881 910 4949 et
925 4873 1057 4954 audiui
1081 4898 1124 4949 oo
1148 4876 1189 4950 iu
1215 4883 1306 4951 notu
1330 4874 1414 4976 cepi
1439 4874 1567 4976 Ideoq⁵
1590 4875 1662 4976 hoc
1685 4877 1754 4975 fuis
1778 4881 1871 4973 puci.
