4372 5888
375 558 471 616 aue.
485 560 590 629 m.
736 535 1094 616 MUNIMENTA
1118 536 1198 613 DE
1224 535 1467 614 MELROS.
1739 535 1814 617 647

375 758 488 834 Tunc
502 766 542 833 et
557 783 603 834 eo
618 760 702 834 casu
718 759 787 858 pus
803 758 1087 835 infeofametum
1102 757 1244 832 nullius
1262 756 1334 832 erit
1347 757 1489 832 roboris
1501 754 1637 832 valoris
1650 754 1811 831 efficaoie

372 927 444 978 nee
472 902 629 979 effectus
660 905 736 980 Sed
764 904 914 979 licitum
943 905 1015 978 erit
1037 903 1148 978 nobis
1173 912 1212 977 et
1237 904 1312 978 iiris
1336 900 1598 979 suocefforibus
1613 901 1812 977 antedictis

372 1052 548 1152 deinceps
565 1053 675 1151 super
691 1052 867 1151 predictis
883 1024 956 1125 ibis
972 1050 1021 1125 ad
1038 1055 1103 1126 ἤτε
1119 1051 1272 1126 libitum
1288 1050 1495 1126 voluntatis
1518 1049 1712 1149 disponere
1737 1059 1812 1147 atq,

372 1199 414 1270 in
441 1196 591 1273 defectu
620 1206 664 1273 ut
691 1184 857 1296 Bdicitur
871 1198 1065 1272 solutionis
1084 1198 1272 1273 dictanrm
1296 1196 1554 1271 feudifirman'r
1579 1197 1811 1270 terminatim

370 1353 439 1416 aut
455 1344 551 1416 infra
566 1343 816 1442 quadraginta
831 1344 911 1418 dies
927 1344 1009 1443 post
1026 1354 1213 1443 vnuqueq,
1230 1318 1361 1418 ilmina
1386 1342 1514 1418 licebit
1539 1341 1646 1416 nobis
1670 1352 1710 1417 et
1735 1343 1810 1414 liris

369 1488 626 1563 succefforibus
652 1491 745 1565 dicti
775 1491 869 1565 mo²³¹
900 1492 949 1564 de
974 1490 1118 1564 melroll
1146 1489 1346 1563 abbatibus
1371 1490 1434 1564 seu
1458 1489 1742 1564 comendatariis
1770 1498 1810 1561 et

366 1635 571 1736 puentibus
599 1637 721 1712 drisue
750 1637 958 1711 camerariis
983 1644 1050 1712 aut
1072 1635 1278 1711 factoribus
1303 1658 1371 1733 pro
1394 1634 1500 1709 bmoi
1517 1635 1635 1708 firmis
1651 1646 1809 1734 quecun

369 1782 468 1855 bona
483 1792 524 1857 et
538 1806 597 1857 res
614 1784 724 1882 super
739 1771 854 1881 {dfatis
869 1756 943 1857 Pris
958 1810 985 1878 p
1003 1792 1172 1881 tempore
1196 1783 1338 1858 existed
1364 1780 1441 1855 line
1456 1781 1594 1880 quouis
1618 1780 1741 1876 poeffu
1761 1778 1809 1852 ad

370 1930 435 2001 dre
452 1928 564 2001 libitu
581 1928 787 2003 voluntatis
805 1951 955 2002 namare
971 1936 1011 2002 et
1027 1927 1247 2026 distdngere
1263 1928 1319 2001 Et
1336 1951 1403 2002 nos
1420 1951 1510 2002 uero
1526 1926 1588 2002 dei
1606 1926 1806 2002 cdmenda·

369 2074 486 2147 tarius
502 2085 542 2148 et
554 2085 720 2174 puentus
738 2075 831 2174 driq„
845 2073 1057 2150 succeffores
1073 2075 1253 2149 antedicti
1270 2075 1388 2149 Totas
1410 2082 1452 2148 et
1475 2075 1639 2175 integrus
1663 2060 1809 2172 fidictas

368 2222 432 2294 sex
464 2221 634 2296 solidatas
664 2230 703 2295 et
731 2231 817 2296 octo
845 2220 1051 2296 denariatas
1081 2197 1191 2296 praru
1220 2223 1372 2296 drarum
1401 2222 1450 2296 de
1476 2220 1731 2320 auchmelling
1759 2232 1807 2296 cu

368 2368 500 2463 ptineii
528 2355 649 2466 {ldict
664 2368 807 2444 Jacobo
833 2368 900 2469 gib
929 2369 1128 2443 heredibus
1152 2369 1226 2442 suis
1251 2376 1291 2443 et
1305 2368 1491 2467 affignatis
1508 2368 1547 2442 iu
1565 2368 1713 2443 or'fiibus
1730 2377 1810 2463 etp

366 2515 468 2587 omia
483 2514 605 2588 forma
620 2516 717 2611 piter
733 2523 773 2590 et
788 2515 927 2590 effectu
944 2522 990 2588 ut
1005 2502 1147 2614 {lmiffu
1165 2515 1220 2589 est
1240 2524 1343 2591 cotra
1367 2538 1499 2589 omnes
1524 2513 1700 2589 mortales
1717 2539 1808 2589 war·

362 2658 589 2733 atizabimus
616 2660 914 2760 acquietabimus
941 2668 981 2734 et
1008 2660 1209 2759 imppetuu
1239 2660 1485 2735 defendemus
1521 2661 1570 2736 In
1588 2661 1708 2736 Cuius
1731 2662 1807 2738 Rei

368 2807 583 2882 testimonib
600 2806 720 2905 figillu
737 2810 804 2882 obe
820 2805 976 2906 capituli
992 2808 1053 2883 det
1070 2807 1280 2906 monasterij
1299 2818 1422 2883 rnacu
1441 2808 1517 2882 bris
1533 2809 1806 2908 subscriptioni-

366 2954 437 3026 bus
455 2952 692 3028 manualibus
709 2954 864 3051 putibus
879 2953 934 3028 est
948 2952 1124 3055 appcsum
1152 2953 1272 3054 Apud
1296 2954 1359 3029 id'e'
1383 2956 1609 3032 monaster-iu
1625 2955 1807 3056 vigefimo

365 3098 428 3172 die
443 3100 577 3174 mentis
600 3100 774 3198 februarij
804 3101 924 3176 Anno
951 3101 1017 3177 dni
1044 3102 1206 3177 miffimo
1224 3104 1500 3202 quigentelimo
1515 3100 1805 3204 quiquagefimo

366 3246 542 3334 Quinto·

588 3394 816 3472 Rentalatur
830 3396 953 3471 dictus
968 3395 1133 3473 Jacobus
1147 3397 1189 3470 in
1205 3396 1316 3472 dictis
1332 3397 1442 3472 terris
1457 3435 1468 3457 ·

1534 3542 1798 3619 Johnestoun·

362 3831 584 3906 Protestatio
600 3833 648 3906 de
663 3833 814 3930 pastura
829 3835 929 3910 inter
945 3833 1042 3910 Gala
1056 3845 1097 3909 et
1113 3834 1262 3909 Ledre·

248 4121 313 4187 606
365 4102 417 4196 ln
429 4120 507 4194 Dei
518 4119 685 4194 Nomine
696 4122 890 4220 Amo-per
901 4121 1173 4221 hocpnspueum
1184 4120 1323 4198 Instim
1334 4122 1492 4198 Cunctis
1504 4131 1633 4223 pateat
1646 4123 1800 4199 euiden-

362 4276 458 4365 terq
471 4268 590 4342 Anno
607 4267 757 4343 Inone
769 4267 895 4344 Diiioe
906 4264 1110 4343 Millesrmo
1118 4269 1395 4370 quigentefimo
1404 4269 1690 4369 quiquogefimo
1699 4272 1801 4346 nono

363 4419 476 4489 mend
490 4437 581 4489 vero
596 4413 705 4512 Junij
724 4412 926 4490 undecimo
950 4412 1058 4489 Inda·
1077 4414 1238 4491 secunda
1261 4415 1376 4491 Pon¹9
1401 4414 1625 4494 Sanctiffimi
1650 4417 1698 4490 In
1723 4418 1801 4516 xpo
1897 4450 1904 4476 ·

360 4564 435 4657 pris
451 4571 492 4638 et
507 4560 574 4636 ddi
592 4560 651 4636 dri
666 4559 732 4635 diri
749 4559 862 4637 Pauli
876 4560 984 4639 diuis
998 4562 1206 4661 prouiden‘
1217 4563 1325 4662 Pape
1340 4563 1466 4663 quarti
1482 4564 1605 4639 Anno
1620 4574 1731 4664 quito
1750 4565 1799 4640 In

359 4729 445 4781 mea
459 4718 499 4781 et
514 4706 623 4783 tettir'r
639 4707 931 4809 subscriptorum
947 4709 1055 4808 pusio
1070 4708 1319 4786 Personaliter
1330 4709 1498 4786 costituti
1512 4711 1725 4812 Religiosus
1742 4712 1801 4785 vir

363 4852 569 4951 Dompuur
593 4852 824 4954 Radulphus
841 4854 1032 4933 Hudsouri
1050 4856 1153 4956 prior
1176 4854 1386 4934 coueturdis
1409 4855 1590 4934 melroseb
1617 4858 1666 4933 In
1691 4857 1800 4956 pucis
