4372 5888
408 554 505 609 nna.
518 553 621 610 uu.
777 528 1134 608 MUNIMENTA
1158 527 1235 603 DE
1262 524 1502 603 Manuos,
1768 527 1840 600 643

408 759 551 825 veteres
567 750 693 849 anglie
710 750 889 825 Inimicos
906 758 1075 848 tempore
1092 772 1227 846 guerre
1242 747 1376 821 vltime
1388 746 1496 846 elaps
1515 745 1699 821 combust⁴
1716 753 1755 819 et
1771 744 1841 819 dis-

409 906 524 972 truct⁴
541 899 582 971 in
599 897 759 996 pecunia
776 904 971 970 numerata
987 894 1122 990 psolut
1139 893 1314 968 dedimus
1338 894 1576 968 concedimus
1600 892 1842 966 alsedauimus

408 1043 689 1117 arrendauimus
704 1042 915 1115 locauimus
931 1048 971 1113 et
993 1040 1042 1112 ad
1057 1038 1309 1112 feodifirmam
1330 1039 1394 1112 seu
1419 1038 1675 1136 emphiteosim
1700 1037 1841 1111 heredi-

410 1189 503 1262 tarie
518 1187 733 1262 demifimus
749 1187 909 1285 predict*
925 1186 1071 1261 Jacobo
1087 1185 1308 1260 hereditarie
1323 1194 1363 1258 et
1379 1184 1471 1259 dier
1488 1185 1627 1261 Jonete
1643 1186 1682 1258 in
1696 1187 1842 1259 cniucta

409 1333 661 1409 infeodatione
677 1341 716 1406 et
733 1358 804 1423 eon
823 1333 930 1407 alteri
947 1333 1091 1407 diutius
1105 1333 1252 1408 viuenti
1268 1340 1308 1406 et
1323 1332 1522 1406 heredibus
1538 1307 1611 1406 lul
1623 1333 1702 1431 ipos
1718 1332 1842 1431 ligitfn

409 1480 608 1577 procreatis
624 1479 689 1554 seu
705 1478 940 1578 procreandis
956 1478 1096 1576 quihus
1121 1478 1355 1553 deficietibus
1379 1477 1580 1552 heredibus
1604 1477 1712 1578 leglis
1736 1480 1843 1575 ppin-

409 1625 606 1722 quioribus
621 1626 684 1701 seu
701 1624 886 1725 affignatis
902 1624 995 1699 dict⁰
1011 1625 1038 1700 J
1039 1625 1143 1699 aoobi
1159 1624 1376 1724 quibuscfiq„
1391 1634 1488 1699 totas
1510 1635 1551 1698 et
1574 1626 1737 1723 integras
1753 1649 1845 1722 qua-

408 1783 497 1845 tuor
512 1770 686 1846 solidatas
700 1744 854 1846 ‘tharum
870 1772 1021 1861 nostran
1036 1771 1184 1870 antiqui
1200 1779 1377 1847 extentus
1393 1771 1442 1857 de
1457 1769 1731 1870 montgarswod
1755 1792 1843 1844 cum

409 1918 538 2011 ptiueii
555 1940 650 2014 quas
666 1917 760 1990 dice
776 1916 804 1992 J
805 1918 943 1991 aoobus
958 1925 999 1991 et
1013 1916 1153 1991 Joneta
1167 1927 1243 1991 m'rc
1261 1924 1446 2014 occupant
1462 1917 1578 1992 Jaceri
1604 1917 1653 1989 In
1678 1916 1846 1990 dominio

410 2065 478 2135 bro
501 2062 550 2135 de
575 2060 716 2136 kilism²
739 2061 837 2134 infla
867 2061 1174 2135 vicecomitatum
1190 2061 1239 2135 de
1254 2061 1329 2134 Air
1353 2061 1541 2134 extendeb
1566 2068 1696 2135 anuati
1720 2065 1788 2136 bro
1804 2064 1843 2137 in

410 2208 543 2282 rentali
559 2209 601 2281 in
617 2208 727 2281 firma
741 2207 792 2281 ad
805 2207 955 2282 sumam
970 2215 1135 2306 quatuor
1148 2205 1352 2283 solidorum
1367 2205 1407 2280 in
1424 2207 1557 2305 aragiis
1573 2215 1612 2280 et
1629 2209 1783 2307 caragiis
1799 2211 1847 2282 ad

411 2357 558 2429 lbmam
575 2353 683 2444 duna
699 2353 937 2428 denariorum
962 2362 1002 2428 et
1017 2361 1032 2426 ἱ
1048 2353 1111 2452 lye
1132 2352 1307 2452 bondage
1329 2352 1438 2427 filuer
1461 2353 1511 2428 ad
1534 2354 1557 2427 s
1556 2365 1681 2430 umam
1706 2379 1847 2430 nouem

412 2500 593 2591 denarion
610 2500 745 2576 vinalia
774 2508 926 2576 monete
941 2500 1049 2600 regni
1064 2500 1177 2575 scotie
1200 2507 1316 2599 prout
1339 2502 1380 2575 in
1404 2509 1507 2575 osma
1530 2502 1596 2575 iira
1617 2501 1671 2576 eis
1694 2501 1849 2602 desuper

413 2650 582 2723 confecta
603 2649 716 2723 latius
732 2649 948 2724 continetur
963 2648 1084 2723 Vobis
1102 2647 1169 2749 igr
1185 2656 1225 2722 et
1241 2650 1326 2721 vim
1342 2647 1497 2722 cuilibet
1514 2649 1718 2724 ooniacum
1736 2660 1776 2724 et
1791 2650 1848 2724 di-

413 2794 521 2868 uifim
547 2795 707 2869 firmiter
735 2796 963 2894 precipimus
989 2803 1031 2869 et
1055 2793 1282 2869 mandamus
1298 2796 1384 2893 qlns
1398 2795 1484 2868 vifis
1508 2795 1662 2892 pntibus
1684 2796 1847 2872 Indilate

413 2943 553 3016 statum
570 2942 721 3017 sasmam
737 2943 833 3039 piter
850 2951 891 3017 et
906 2942 1159 3042 poffeffionem
1183 2941 1413 3042 corporalem
1437 2942 1621 3018 actualem
1647 2952 1687 3016 et
1710 2943 1847 3018 realem
1954 3008 1957 3013 .

282 3130 287 3140 ·
416 3094 583 3160 totarum
610 3097 650 3161 et
679 3088 860 3186 Integran
885 3073 1097 3186 {idiotarum
1125 3086 1206 3186 iiij*
1229 3086 1407 3178 solidatas
1431 3059 1581 3161 Parum
1604 3110 1695 3161 curn
1718 3089 1848 3182 ptineii

415 3233 508 3307 dict*
534 3233 677 3309 Jacobo
702 3232 925 3308 hereditarie
948 3241 990 3307 et
1004 3233 1144 3309 Jonete
1167 3233 1249 3308 eius
1268 3218 1422 3329 coniugi
1438 3241 1477 3306 et
1493 3256 1625 3307 eorum
1641 3231 1748 3307 alteri
1765 3234 1848 3307 diu·

414 3381 491 3455 tius
507 3381 628 3455 vineti
645 3380 695 3454 In
710 3378 884 3456 coniucta
899 3379 1159 3455 Infeodatione
1180 3378 1282 3456 scdm
1298 3388 1469 3456 tenorem
1493 3381 1635 3480 prefate
1658 3389 1759 3456 carte
1782 3384 1849 3456 bre

412 3529 466 3602 eis
483 3527 638 3627 desuper
653 3527 814 3603 consecr
829 3528 856 3603 J
859 3528 939 3603 uste
955 3526 1083 3603 haberi
1099 3526 1244 3602 faciatis
1259 3536 1299 3602 et
1314 3525 1526 3603 deliberetis
1550 3536 1590 3603 et
1611 3529 1718 3604 nullo
1734 3529 1848 3604 modo

414 3675 598 3749 omittatis
615 3674 665 3749 ad
679 3675 785 3774 quod
800 3674 1016 3753 faciendum
1032 3676 1140 3751 vobis
1156 3686 1196 3750 et
1211 3679 1296 3751 vim
1312 3672 1470 3751 cuilibet
1488 3676 1664 3750 minctim
1689 3686 1729 3750 et
1752 3676 1848 3749 diui·
1881 3690 1886 3697 ’

414 3821 483 3894 srm
499 3825 584 3895 nim
601 3819 805 3918 plenariam
821 3830 861 3896 at
877 3823 1159 3899 irreuocabilem
1174 3831 1306 3898 tenore
1316 3823 1469 3920 {lotium
1481 3822 1715 3896 obmittimus
1730 3823 1848 3919 potes-

415 3974 537 4038 tatem
561 3964 611 4038 lu
628 3966 737 4040 carius
752 3967 807 4040 rei
833 3965 1047 4042 testimonib
1063 3968 1229 4067 tigillum
1257 3978 1421 4041 comune
1444 3965 1600 4064 capituli
1626 3965 1683 4039 iiri
1707 3968 1850 4041 monas-

416 4109 502 4184 terii
517 4111 566 4184 de
582 4109 723 4184 melros
738 4133 814 4187 vna
829 4134 918 4185 cnm
936 4113 1011 4186 liris
1026 4110 1354 4211 sublhiptionibus
1373 4109 1610 4185 manualibus
1627 4112 1781 4209 potibus
1797 4115 1850 4189 est

416 4259 622 4358 appensum
639 4257 762 4358 Apud
779 4257 829 4334 Id
844 4258 1110 4334 monasterium
1125 4257 1306 4359 vigefimo
1330 4258 1393 4331 die
1416 4263 1530 4334 mens
1551 4259 1728 4335 februarii
1751 4284 1850 4337 anno

417 4403 484 4483 diii
499 4404 695 4482 millefimo
711 4405 989 4508 quigentefimo
1005 4405 1288 4509 quiquagefimo
1305 4405 1465 4506 quinta·
