4372 5888
364 576 471 631 aaa.
486 577 574 631 Jac.
588 577 633 632 11.
726 550 1086 631 MUNIMENTA
1111 550 1191 625 DE
1217 549 1459 627 MELROS.
1736 559 1809 634 557

596 775 650 850 Et
676 799 748 874 ego
766 775 916 850 Rotttus
945 773 994 846 de
1021 772 1152 846 lithcw
1181 773 1296 846 cticus
1321 771 1499 871 glasgued
1525 771 1609 847 dioc
1633 771 1807 867 publicus

594 924 713 1023 apiica
728 931 768 998 et
787 920 935 1017 Impiali
951 919 1215 994 autoritatibus
1227 918 1394 993 notarius
1412 920 1513 1008 Quia
1526 903 1646 1016 Bmissi
1659 920 1807 995 or'r'ribus

594 1077 634 1145 et
650 1068 774 1170 singlis
791 1069 844 1140 dtr
861 1066 909 1140 ne
926 1074 971 1141 ut
987 1051 1150 1163 Emittit
1166 1066 1304 1163 ageret
1321 1065 1502 1139 dicerent²
1514 1074 1553 1138 et
1569 1066 1674 1139 fieret
1686 1076 1807 1140 vnacr'r

594 1215 747 1289 testibus
764 1200 915 1312 {irrorate
941 1214 1009 1310 iins
1026 1184 1145 1285 initui
1162 1236 1238 1309 eaq,
1253 1211 1301 1284 fic
1317 1213 1416 1284 omia
1433 1226 1472 1286 et
1489 1210 1604 1312 fingis
1621 1212 1701 1286 fieri
1718 1213 1807 1286 sciui

443 1398 446 1405 ·
592 1362 673 1437 vidi
703 1370 740 1434 et
766 1361 898 1434 audiui
916 1376 942 1433 t
960 1360 1000 1432 in
1025 1368 1115 1432 nota
1139 1359 1261 1457 recepi
1279 1358 1342 1430 Vri
1359 1358 1430 1432 hoc
1453 1359 1521 1455 pns
1538 1365 1625 1457 pucfi
1648 1359 1803 1432 Instrutfl

591 1531 706 1581 manu
724 1532 809 1581 mea
824 1509 908 1605 pp¹a
924 1507 1082 1603 sdptum
1099 1505 1237 1578 exinde
1249 1504 1346 1605 pfeci
1360 1506 1507 1578 extraxi
1521 1505 1714 1603 publicaui
1729 1507 1807 1580 tin

590 1653 658 1728 hac
686 1653 837 1751 publica
862 1653 983 1726 forma
1008 1652 1136 1749 redegi
1163 1668 1189 1725 t
1213 1649 1376 1750 subsc¹pfi
1396 1651 1546 1749 Signoq,
1563 1666 1589 1725 t
1606 1653 1693 1726 noie
1713 1653 1807 1725 meis

590 1799 694 1882 solitt
720 1809 760 1874 et
787 1800 960 1880 consuete
991 1798 1136 1897 fignaui
1174 1799 1222 1872 In
1247 1797 1362 1870 fidem
1388 1806 1427 1870 et
1452 1797 1666 1873 testimonir'r
1688 1771 1805 1880 iitatr

591 1947 668 2018 oim
689 1963 714 2020 t
730 1943 890 2045 {inglorii
908 1930 1083 2041 Bmifforr'r
1098 1915 1215 2039 spatii
1227 1944 1374 2042 Rogata
1391 1952 1430 2016 et
1446 1943 1634 2043 Reqntus
1650 1986 1659 2006 ·

366 2239 600 2339 -Compofitio
616 2239 664 2314 de
680 2238 836 2313 decimis
853 2237 901 2312 de
918 2236 1205 2343 Edmondston·

370 2514 468 2609 Hec
484 2532 693 2606 Indentura
708 2529 808 2605 facta
824 2531 926 2629 apud
938 2529 1188 2605 Sanemandr
1205 2528 1351 2604 decimo
1367 2529 1471 2604 sexto
1484 2530 1545 2604 die
1559 2531 1698 2605 Mensis
1712 2531 1804 2629 Maij

369 2679 488 2753 Anno
513 2679 580 2752 diri
605 2676 793 2754 millesimo
818 2677 1183 2776 quadringentefimo
1207 2678 1491 2776 quiquagetimo
1515 2681 1640 2752 terior
1656 2680 1804 2753 Pirtet

366 2826 611 2900 auctorisante
623 2823 850 2898 Reuerendo
862 2824 901 2897 in
917 2826 993 2922 xpo
1004 2833 1110 2922 patre
1126 2847 1170 2898 ac
1186 2823 1414 2900 drioJacobo
1430 2824 1492 2898 dei
1508 2837 1547 2898 et
1563 2827 1681 2924 aptioe
1700 2826 1805 2903 Sedis

367 2974 490 3071 gracia
522 2971 607 3069 Epo
642 2971 876 3047 Sanctiandr‘
895 3012 905 3032 ·
925 2973 1032 3046 Inter
1067 2947 1292 3045 Veiiabilem
1325 2972 1364 3044 in
1407 2973 1483 3069 xpo
1524 2981 1668 3071 patrem
1712 2973 1806 3047 dirm

219 3103 220 3107 ¹
352 3118 566 3193 ·Andream
591 3118 785 3194 Abbatem
810 3120 859 3192 de
884 3118 1026 3193 Meiros
1042 3119 1141 3193 :fies
1165 3119 1303 3192 Jorem
1320 3115 1557 3194 Medilmastr
1572 3121 1804 3219 supp'oremr

367 3265 497 3340 thoma
515 3264 563 3337 de
580 3264 767 3339 Stanhous
782 3273 846 3338 ret
872 3264 1065 3339 Simonem
1083 3264 1266 3340 Waulesr
1282 3265 1373 3339 dicti
1399 3265 1605 3364 monasterij
1633 3278 1805 3342 comona-

366 3412 454 3486 chos
469 3441 482 3485 l
496 3436 564 3511 pro
580 3412 616 3486 se
633 3419 672 3486 et
688 3413 756 3486 suo
772 3419 936 3485 conuetu
952 3412 1154 3487 rhabentes
1170 3411 1218 3484 ad
1234 3410 1438 3510 infrascpta
1450 3411 1634 3487 sufficiens
1651 3413 1804 3488 manda-

367 3569 452 3635 tum
469 3558 538 3632 sub
554 3560 613 3633 odi
631 3557 762 3658 Sigillo
779 3557 947 3633 eiusdem
976 3558 1187 3633 monasterii
1204 3555 1368 3632 rordinis
1385 3557 1585 3633 Cistercied
1601 3560 1801 3661 rglasgueir

300 3671 304 3681 ’
367 3705 466 3779 <noe
482 3707 530 3778 ab
546 3730 641 3779 vna·
656 3714 696 3779 et
712 3707 858 3807 magma
875 3704 1004 3779 Adam
1023 3705 1257 3805 dehepburt
1274 3705 1416 3782 decana
1430 3733 1439 3781 1
1454 3707 1593 3782 sorem
1610 3707 1658 3781 ae
1675 3708 1803 3782 Men.

368 3872 441 3923 ven
452 3851 645 3925 decreton'r
657 3849 850 3927 doctorem
865 3892 875 3913 ·
889 3852 1115 3926 Alexandrsr
1132 3852 1180 3927 de
1204 3852 1388 3927 eaitelcar‘
1405 3853 1600 3927 ettonem
1617 3853 1664 3926 de
1682 3855 1803 3928 Ottir-

368 3997 466 4070 burri
478 4035 488 4057 ·
501 3997 732 4095 Archiprrm
749 3998 862 4072 ecciie
878 3996 1086 4095 Collegiate
1102 3998 1150 4071 de
1166 3998 1330 4072 Dunbar
1349 3999 1585 4075 Sanctiandr‘
1601 3999 1702 4073 dioc⁴
1718 4024 1804 4075 con-

367 4143 561 4236 canonicos
574 4167 587 4215 r
599 4141 777 4215 habentes
793 4141 977 4216 sufficiens
989 4142 1169 4217 mandatu
1186 4144 1263 4216 ecia
1274 4142 1323 4216 ad
1335 4142 1564 4242 infrascripta
1575 4169 1585 4219 r
1598 4146 1656 4219 cdi
1671 4147 1803 4246 sigillo

366 4287 535 4389 Capituli
550 4287 717 4362 eiusdem
728 4286 888 4388 Collegii
901 4287 1076 4362 roboratr‘r
1089 4322 1101 4359 ι
1113 4313 1181 4388 pro
1198 4291 1312 4364 seret
1327 4290 1403 4364 suis
1419 4293 1649 4368 cocanoniois
1663 4336 1672 4356 ·
1688 4299 1802 4395 parti-

365 4437 437 4511 bus
453 4436 501 4510 ab
516 4434 631 4510 altera
643 4475 653 4496 ·
667 4434 788 4533 Super
801 4434 951 4509 or’riibus
968 4444 1008 4509 et
1024 4434 1176 4536 singulis
1194 4435 1326 4521 debete
1343 4437 1473 4513 litibus
1486 4440 1801 4542 rquestionib31et

364 4583 621 4660 controuerfiis
630 4583 739 4681 super
748 4582 902 4657 decimis
911 4584 1096 4682 grangiam
1105 4583 1155 4658 de
1165 4583 1426 4660 Edmondstoi
1443 4610 1585 4687 grange
1600 4597 1641 4663 et
1656 4590 1705 4666 de
1721 4591 1802 4667 her-

364 4730 507 4804 tiihede
522 4730 711 4830 wlgariter
727 4739 945 4830 nucupatarr
956 4764 968 4803 t
980 4756 1058 4831 que
1072 4729 1161 4806 alias
1177 4732 1217 4806 in
1232 4731 1444 4809 undarum
1456 4734 1556 4811 dicte
1568 4739 1681 4812 eociie
1693 4738 1802 4813 colle·

363 4876 465 4976 giate
481 4876 728 4976 deputsbsnr
743 4878 929 4976 repacioni
938 4886 998 4953 ret
1012 4880 1279 4955 manutent‘tni
1290 4879 1393 4957 chori
1409 4881 1552 4982 prefate
1567 4885 1680 4960 eoctie
1693 4883 1802 4959 colle-
