4394 5872
381 468 449 542 xvi
867 471 1054 548 INDEX
1078 470 1370 549 NOMINUM.

384 692 493 763 Nsrne,
508 691 676 752 Alexander
689 690 727 750 de
747 692 815 754 5641

384 773 546 846 Neubotill,
576 771 723 832 Dominus
753 774 882 833 Thomas
910 775 1000 835 abbas
1028 777 1073 836 de.

386 861 545 993 Niiliihus
560 933 640 1013 Paps
653 931 776 1014 quintus
795 942 864 1000 578.

384 1173 513 1234 Olevant
526 1174 564 1234 de
572 1176 744 1255 Aberdalgi,
760 1176 907 1236 Dominus
916 1177 1073 1238 Johrnues

443 1254 527 1315 miles
564 1256 631 1316 565.

379 1254 541 1407 0111111111οῗ
552 1336 728 1396 Willielmus
742 1357 839 1397 comes
856 1337 902 1419 (et
916 1339 1063 1399 Dominus

422 1414 460 1474 de
475 1416 582 1475 Sancto
596 1417 696 1496 Claro)
720 1427 788 1488 589.

381 1495 568 1567 Ottirburne,
592 1498 740 1558 Johaunes
764 1499 802 1558 de
823 1498 1065 1579 (archipresbiter

808 1578 923 1638 ecclefie
945 1579 1066 1657 collegi-

806 1669 854 1716 ate
868 1659 905 1717 de
919 1660 1060 1737 Dunbar)

807 1745 877 1808 557,
893 1747 960 1799 585.

381 1852 562 1866 ---
582 1853 743 1868 ---
765 1816 951 1893 (licenoiatus
969 1820 1001 1878 in
1014 1818 1065 1878 de-

602 1898 700 1969 cretis,
729 1897 854 1958 vicarius
881 1899 999 1959 ecclesie
1025 1900 1064 1958 de

604 1980 763 2058 Meyrnys)
785 1986 853 2048 579,
870 1987 939 2051 588,
954 1987 1022 2040 588.

583 2059 724 2137 Magister
739 2058 888 2118 Nicolaius
908 2060 946 2118 de
969 2061 1064 2138 (vics-

418 2138 481 2199 rius
493 2138 610 2199 ecclelia
623 2138 798 2216 parochialis
817 2140 895 2199 beati
910 2140 1012 2219 Egidii
1025 2140 1063 2199 de

420 2219 613 2298 Edinburgh)
636 2227 704 2279 584.

381 2460 470 2530 Park‚
479 2460 592 2519 Alanus
600 2458 639 2519 de
647 2458 813 2537 (burgenfis
821 2461 859 2519 de
868 2461 1062 2540 Edinburgh)

380 2621 504 2691 Pslmer,
520 2621 673 2681 Gilbertus
695 2621 763 2682 566.

380 2702 503 2771 Parton,
517 2702 664 2761 Dominus
679 2701 822 2763 Patricius
835 2705 873 2763 de
895 2712 962 2763 588.

379 2782 486 2851 Peblis,
501 2782 649 2841 Dominus
663 2781 812 2843 Walterus
826 2784 872 2859 (iu
884 2785 964 2843 sacru
977 2783 1060 2843 theo-

418 2862 498 2939 logia
509 2862 684 2940 bucularius)
709 2872 777 2925 581.

379 2940 482 3080 pensili
507 2941 657 3000 ,lohannes
682 2943 822 3019 (vicarius
846 2945 884 3003 de
905 2943 1064 3024 Lestalrig)

380 3100 517 3173 Penwen,
552 3101 720 3181 (Pendven)
749 3102 889 3181 Magister
901 3173 904 3178 .
917 3104 1063 3162 Robertus

589 3182 699 3258 (rector
712 3183 829 3243 ecclesie
837 3183 1013 3261 parochialis
1026 3184 1064 3243 de

576 3263 719 3342 Sowdon)
743 3272 812 3333 575,
829 3264 897 3334 576,
913 3271 981 3324 588.

380 3375 522 3392 —-
536 3344 676 3420 Magister
690 3345 820 3404 Thomas
841 3345 950 3421 (rector
971 3344 1063 3404 ecole-

574 3423 611 3479 sre
631 3424 805 3500 parochialis
826 3426 863 3482 de
880 3424 1063 3484 Kerkmncb-

575 3502 669 3579 quho)
692 3511 759 3562 588.

381 3613 522 3630 ...-
536 3579 666 3638 Thomas
717 3582 864 3660 (notarius
905 3582 1059 3663 publicus)

381 3739 464 3819 Pyle,
479 3739 618 3817 Magister
632 3739 788 3819 Philippus
802 3741 947 3819 (notarius
963 3742 1062 3822 publi·

422 3825 488 3899 eus)
511 3820 580 3890 569,
596 3820 665 3887 576.

1706 495 1792 550 JAC.
1812 497 1858 552 11.

1175 694 1323 772 Rothnay,
1337 691 1515 752 Willielmus
1532 693 1575 769 ‚de
1600 692 1746 769 (notarius
1764 697 1863 776 publi.

1175 773 1372 925 8111180116τὸ1,
1384 854 1514 914 Jacobus
1526 852 1565 914 de
1579 852 1648 921 576.

1175 1095 1393 1167 Ssuctiandrce,
1427 1095 1557 1157 Jaoobus
1590 1095 1745 1174 episcopus
1790 1103 1860 1167 557,

1176 1256 1318 1328 Santcler,
1333 1255 1472 1334 Magister
1486 1255 1629 1315 Patricius
1644 1257 1754 1334 (rector
1768 1255 1861 1316 eucle-

1215 1338 1252 1395 lie
1266 1337 1304 1395 de
1319 1335 1576 1415 Haldhamstolsis)
1600 1335 1669 1396 556.

1175 1415 1370 1485 Sanctoclaro,
1385 1415 1532 1474 Dominus
1546 1416 1584 1474 de
1605 1423 1673 1484 589.

1175 1496 1253 1556 Scho
1288 1497 1378 1568 swod,
1405 1495 1544 1573 Magister
1568 1496 1715 1574 Georgius
1735 1497 1863 1568 (10573,

1214 1609 1256 1625 -
1320 1575 1443 1636 retarius
1458 1576 1547 1653 Regis
1569 1584 1637 1646 589.

1178 1657 1267 1716 Setun
1283 1657 1416 1734 (Geton),
1429 1657 1577 1733 Georgius
1590 1656 1725 1716 dominus
1747 1663 1816 1727 589.

1176 1771 1258 1786 -
1279 1737 1426 1795 Dominus
1441 1735 1593 1796 Gilbertus
1607 1735 1644 1795 de
1659 1736 1773 1816 (miles)
1788 1736 1860 1798 565.

1175 1815 1290 1895 Smyth,
1303 1817 1432 1876 Jsoobus
1447 1817 1493 1893 (iu
1507 1816 1676 1897 Jedrrortb)
1697 1817 1765 1885 569.

1174 1930 1291 1945 --
1306 1896 1435 1956 Thomas
1459 1904 1527 1956 551.

1174 1976 1303 2047 Solthre,
1318 1976 1457 2054 Magister
1471 1976 1508 2035 de
1530 1984 1598 2038 558.

1174 2056 1352 2135 Somyruile,
1367 2056 1542 2116 Willielmus
1556 2056 1694 2116 dominus
1715 2064 1783 2129 589.

1174 2136 1360 2214 Spottiswod,
1373 2136 1521 2196 Johunnes
1535 2135 1573 2195 de
1594 2137 1663 2207 568,
1679 2144 1749 2210 581,
1764 2147 1833 2200 585.

1174 2216 1331 2286 Stanhous,
1348 2216 1476 2276 Thomas
1490 2217 1527 2276 de
1542 2217 1717 2293 (monachus
1730 2218 1768 2277 de
1781 2219 1859 2280 Mel-

1213 2300 1275 2374 ros)
1298 2304 1368 2366 557,
1385 2296 1452 2356 560.

1173 2376 1309 2446 Stewart,
1338 2376 1476 2455 Magister
1503 2375 1650 2436 walterus
1685 2377 1859 2454 (canonicus

1215 2457 1413 2535 Glasguenfis)
1435 2464 1503 2526 559.

1174 2537 1301 2607 Stouurt,
1317 2538 1464 2596 Dominus
1477 2537 1608 2596 Juoobus
1628 2537 1697 2598 565.

1173 2617 1361 2677 Struthechin
1381 2618 1419 2677 de
1432 2615 1606 2688 Dunevard,
1629 2616 1798 2679 Alexander
1820 2620 1860 2681 de

1175 2858 1304 2935 Talyser,
1318 2859 1469 2919 Johannes
1484 2857 1631 2938 (scutifer)
1653 2865 1721 2926 578.

1173 2938 1321 3015 Thuring‚
1350 2940 1496 3018 (Turing)
1525 2939 1675 2999 Johannes
1702 2940 1740 2999 de
1768 2942 1855 3018 (bur-

1212 3020 1306 3096 genlis
1320 3020 1358 3078 de
1372 3018 1565 3097 Edinburgh)
1588 3018 1657 3079 566.

1174 3099 1276 3168 Trent,
1292 3099 1421 3239 Τέοιηεε
1442 3101 1546 3177 (frater
1559 3100 1724 3161 monasterii
1733 3101 1858 3166 deMel·

1214 3183 1277 3261 ros)
1299 3188 1317 3240 5
1342 3189 1368 3238 1.
1732 3237 1735 3242 ,

1173 3420 1292 3490 Visulae,
1308 3421 1428 3498 Symon.
1470 3421 1507 3478 V.
1523 3419 1651 3480 Waulas.

1173 3500 1319 3570 Vemom,
1336 3499 1511 3564 Willielmus
1531 3501 1697 3580 (burgensis
1711 3502 1749 3563 de
1763 3502 1857 3563 Edin.

1211 3580 1327 3662 burgh)
1350 3588 1420 3650 558,
1435 3588 1503 3640 553.

1172 3821 1280 3893 Walas‚
1295 3822 1393 3881 Adam
1410 3820 1478 3891 569.

1066 3959 1069 3962 ⁴
1171 3902 1329 3974 Wardlsw,
1346 3904 1491 3961 Robertus
1505 3902 1543 3960 de
1564 3902 1632 3963 566.

382 4063 503 4138 Quhite,
518 4064 666 4124 Dominus
680 4063 864 4136 Willielmus,
888 4067 1075 4146 (perpetuus-

399 4181 402 4189 ·
420 4145 548 4204 vicarius
561 4144 599 4203 de
614 4145 833 4225 Tannschume)
849 4154 917 4206 581.

383 4385 522 4454 nume,
537 4342 687 4446 sonnino
701 4388 813 4464 (marn
826 4388 957 4467 uene)
974 4396 1041 4450 552.

383 4465 580 4536 Richartsone,
595 4468 763 4527 Alexander
784 4470 852 4530 568.

384 4547 513 4615 Roanox,
536 4547 673 4606 Matbeus
695 4548 733 4607 de
753 4550 897 4627 (notarius
910 4549 1061 4630 publicus)

383 4706 515 4776 Roberti,
527 4705 669 4765 Ricardus
679 4708 823 4783 (notarius
831 4711 982 4792 publicus)
995 4712 1063 4773 586.

383 4790 509 4858 Robson,
525 4787 700 4846 Willielmus
720 4789 789 4849 561.

382 4869 463 4940 Russ,
478 4868 624 4930 Comitiffa
638 4868 676 4928 de
696 4867 764 4937 567.

1172 4017 1334 4033 ...—
1348 3982 1525 4040 Willielmus
1538 3982 1576 4040 de
1597 3981 1666 4042 566.

1172 4064 1301 4133 Waulas,
1326 4061 1464 4140 (Vaules)
1490 4063 1592 4121 Simon
1620 4063 1795 4139 (monachus
1817 4064 1856 4125 de

1213 4144 1336 4221 Meiros)
1359 4151 1427 4212 557,
1443 4150 1512 4213 581,
1528 4150 1595 4201 585.

1171 4225 1291 4294 Werlre,
1309 4226 1453 4283 liebertus
1469 4221 1611 4302 (ballivus
1625 4223 1765 4304 Berwici)
1784 4231 1866 4292 558,

1172 4305 1259 4375 Wod,
1273 4303 1440 4363 Alexander
1463 4302 1531 4364 568.

1171 4385 1328 4453 Wodman,
1343 4384 1518 4444 Willielmus
1543 4384 1688 4461 (notarius
1700 4383 1853 4465 publicus)

1172 4546 1289 4621 Wolffe,
1303 4546 1450 4607 lohannes
1472 4554 1540 4605 555.
1641 4612 1645 4619 ,

1172 4788 1278 4861 anos,
1295 4787 1433 4867 Magister
1448 4787 1599 4869 (clericus)
1614 4793 1681 4853 578.
1749 4764 1753 4770 .
1849 4768 1852 4775 ι
