4372 5888
704 960 856 1036 REGE
882 957 1146 1036 ROBERTO
1172 959 1248 1035 ΙΙΙ.
1300 959 1576 1042 loco-1406.

1021 1217 1245 1283 ABBACIA.

421 1345 493 1416 493.
518 1342 720 1409 Confirmatio
735 1341 838 1426 Regio
851 1340 892 1406 de
905 1341 1075 1405 custumal
1090 1360 1249 1405 succorum
1265 1339 1343 1405 lane.
1390 1339 1482 1427 Orig

421 1469 493 1538 494.
517 1468 704 1551 Preceptum
720 1465 818 1552 Regis
832 1464 985 1528 directum
1002 1463 1180 1529 Camerario
1194 1463 1365 1530 decadem.
1413 1464 1504 1548 On'g.

420 1594 491 1662 495.
517 1593 614 1656 Curta
628 1590 728 1676 Regis
741 1589 849 1666 alteru,
865 1588 905 1654 de
919 1588 1035 1653 eadem.
1080 1590 1204 1675 Regin.
1220 1597 1329 1653 rccnct.

420 1711 493 1784 496.
517 1712 722 1798 Privilegium
738 1711 856 1799 Papele
873 1722 906 1774 et
927 1711 1077 1798 Episcopi
1105 1709 1319 1796 Glasguensis,
1343 1706 1428 1793 quod
1453 1705 1543 1771 liceat
1567 1703 1777 1769 sacerdotibus
1800 1704 1840 1768 de

419 1836 546 1902 Melros.
563 1848 753 1902 sacramenta
779 1835 925 1902 exhibere
950 1835 1127 1900 monasterii
1151 1832 1355 1898 servientibus
1370 1828 1425 1918 qui
1453 1851 1516 1895 non
1539 1839 1669 1916 possunt
1695 1828 1735 1894 de
1758 1827 1840 1892 facili

418 1958 532 2023 habere
545 1959 667 2045 copiam
682 1980 810 2023 suorum
825 1957 1029 2024 sacerdotum.
1076 1959 1167 2044 Orig.

419 2083 491 2151 497.
515 2080 673 2146 Protectio
689 2080 791 2166 Regia
804 2080 964 2167 generalis.
1013 2081 1104 2168 Θήρ.

418 2205 489 2273 408.
514 2203 672 2268 Protectio
687 2203 818 2268 Henrici
833 2202 932 2289 Regis
946 2203 1073 2289 Anglie.
1120 2203 1210 2287 On'g.

1058 2448 1200 2512 KYLE.

415 2573 488 2642 499.
512 2570 716 2635 Confirmatio
731 2570 863 2637 Roberti
887 2570 976 2635 ducis
997 2570 1134 2636 Albunie
1153 2569 1390 2634 locumtenentie
1414 2570 1523 2656 Regis,
1547 2569 1687 2635 decerta
1702 2571 1836 2636 Walteri

416 2692 581 2757 senescalli
597 2714 662 2778 qua
675 2691 856 2756 conceditur
870 2691 956 2779 quod
979 2713 1042 2755 non
1067 2692 1106 2755 sit
1129 2692 1314 2756 monasterio
1338 2691 1372 2755 in
1393 2690 1603 2780 prejudicium
1623 2694 1656 2757 in
1677 2704 1837 2781 posterum

414 2813 501 2899 quod
515 2815 698 2881 concesserit
712 2836 770 2901 per
784 2814 944 2879 biennium
959 2825 1073 2879 sectam
1088 2813 1249 2879 hominum
1264 2813 1304 2879 de
1318 2815 1403 2901 Kyle
1417 2815 1450 2878 in
1465 2815 1604 2880 exercitu
1614 2816 1720 2903 Regis.
1739 2818 1833 2904 Orig.

1051 3062 1194 3126 LETH.

413 3189 485 3252 500.
511 3187 609 3250 Carta
624 3184 755 3251 Roberti
772 3185 904 3270 Lognne
917 3183 1025 3249 militis
1039 3182 1158 3250 domini
1173 3184 1213 3249 de
1228 3183 1417 3264 Lectulrike,
1434 3183 1473 3248 de
1488 3195 1669 3250 tenemento.
1717 3187 1808 3272 Orr'g.

414 3311 485 3372 50].
510 3306 715 3373 Confirmatio
731 3307 838 3392 Regis.
885 3309 976 3395 Orig.

984 3554 1265 3619 ROKISBURC.
1344 3558 1346 3563 ⁴

412 3680 484 3743 502.
509 3675 693 3765 [Cnvnnc]
729 3677 958 3741 Testimonium
982 3678 1080 3764 Regis
1104 3678 1144 3741 de
1169 3677 1360 3764 inspectione
1385 3689 1470 3741 certe
1495 3676 1652 3762 quondam
1683 3678 1834 3743 Willeimi

411 3798 532 3863 comitis
546 3797 586 3861 de
601 3798 756 3884 Douglur,
771 3797 812 3861 de
821 3798 896 3884 jure
910 3810 1094 3885 patronatus
1108 3800 1242 3864 ecclesie.
1289 3799 1379 3886 Orig.

411 3920 484 3984 503.
510 3921 756 3983 instrumentum
772 3918 812 3983 de
826 3919 1057 3985 confirmatione
1073 3921 1191 4008 papati.
1240 3924 1330 4008 Orig.

410 4044 483 4108 504.
508 4045 603 4108 Certa
618 4044 731 4108 Jacobi
747 4046 861 4109 Frueer
874 4043 914 4108 de
929 4044 1138 4123 Ferendrech,
1163 4044 1203 4108 de
1215 4057 1296 4109 terra
1310 4045 1349 4108 de
1365 4044 1575 4108 Cambestoun
1591 4044 1622 4108 in
1645 4043 1773 4109 baronia
1793 4044 1833 4110 de

410 4164 606 4252 Loaeidwyn.
652 4167 743 4252 Orig.

409 4293 481 4356 505.
506 4287 712 4374 Obligacioun
728 4288 768 4353 bc
782 4286 983 4353 Archebalde
998 4288 1173 4353 M‘Dowell
1188 4288 1237 4352 for
1259 4288 1330 4352 four
1345 4287 1435 4351 skure
1449 4287 1512 4351 and
1528 4301 1578 4353 ten
1595 4288 1831 4375 pundebeceuse

408 4411 445 4475 oi
455 4410 503 4475 his
518 4411 623 4474 reieife
635 4409 672 4474 oi
693 4410 743 4474 hir
768 4410 858 4496 place
870 4409 909 4474 of
920 4409 1129 4489 Mulkurston,
1154 4409 1300 4496 grentide
1323 4421 1357 4474 to
1381 4408 1435 4473 the
1455 4431 1521 4474 new
1537 4411 1637 4476 werke
1652 4410 1690 4475 of
1700 4411 1829 4477 Melroe.

410 4535 501 4620 Orig.

407 4653 480 4720 506.
514 4656 610 4719 Carta
640 4654 770 4741 Georgii
794 4655 916 4720 comitis
939 4654 1083 4720 Marchie
1104 4654 1144 4720 de
1166 4666 1232 4720 toto
1253 4656 1345 4721 bosco
1367 4678 1461 4744 super
1488 4657 1642 4723 territorio
1664 4671 1773 4723 vocato
1801 4660 1830 4724 le

411 4775 657 4841 Soroulesfeilde.
703 4777 794 4863 On‘g.
