4394 5872
1106 505 1177 587 xvi

439 712 511 776 570.
535 710 703 774 Decretum
719 708 908 775 arbitrorum
921 709 955 774 in
969 709 1248 795 compromissione
1295 711 1386 798 Orig.

441 831 513 897 57].
538 824 736 919 [Ἦιττυκ]
760 831 964 897 Confirmatio
978 831 1083 918 Regia
1095 823 1180 897 e'nrte'
1194 831 1323 897 Patricii
1337 832 1378 898 de
1392 830 1514 898 Ridale.
1565 835 1657 922 Orig.

737 1193 891 1270 REGE
915 1194 1129 1272 JACOBO
1155 1194 1233 1270 ΙΙΙ.
1284 1198 1562 1273 1460-1488.

1032 1441 1256 1506 ABBACIA.

436 1564 509 1631 572.
534 1563 629 1627 Carta
645 1562 743 1648 Regis
757 1562 798 1626 de
812 1561 975 1649 privilegio
989 1561 1124 1649 eligendi
1138 1563 1293 1628 abbatem.
1340 1564 1432 1651 On'g.

436 1686 509 1752 573.
533 1684 606 1749 The
621 1684 724 1771 Kings
740 1685 876 1751 Genernl
890 1686 1104 1751 Protectionn.
1150 1687 1243 1773 Orig.

1050 1929 1242 1995 CARRIC.

432 2051 506 2116 574.
530 2051 865 2135 Appunctuamentum
892 2049 973 2114 inter
999 2050 1120 2114 Melros
1146 2061 1177 2114 et
1195 2049 1353 2114 Vicsrium
1377 2048 1418 2114 de
1434 2049 1590 2137 Mnyboyl
1611 2050 1651 2114 de
1672 2051 1799 2117 decimis
1816 2052 1856 2118 de

435 2170 564 2257 Grange
578 2183 610 2235 et
625 2169 808 2235 Monkwod.
855 2174 946 2259 Orig

994 2416 1296 2481 EDINBURGH.

432 2544 505 2609 575.
532 2543 780 2606 Instrumentum
796 2538 836 2604 de
850 2538 1026 2605 detentione
1040 2539 1239 2626 quarundam
1254 2537 1413 2603 bullarum
1428 2551 1459 2602 et
1473 2539 1742 2605 confirmationum
1753 2544 1857 2630 Apos.

432 2661 594 2726 tolicarum
617 2661 657 2725 de
679 2660 819 2747 hospicio
839 2660 880 2724 de
898 2660 1018 2725 Melros
1041 2659 1073 2724 in
1088 2658 1292 2746 Edinburgh,
1319 2681 1339 2724 a
1363 2660 1546 2745 Margaretn
1560 2660 1667 2727 relicta
1681 2661 1855 2728 Alexandri

432 2781 657 2848 Haliburtoun.
705 2784 798 2870 Orig.

1061 3029 1226 3093 LEITH.

432 3150 505 3220 576.
530 3152 778 3216 Instrumentum
792 3152 832 3217 de
846 3149 1076 3217 mensuratione
1090 3160 1171 3216 terre
1186 3148 1340 3214 Willelmi
1357 3149 1426 3215 Bell
1449 3172 1506 3236 per
1530 3150 1687 3215 Ballivum
1710 3166 1741 3216 et
1763 3151 1856 3217 linea-

432 3287 521 3340 tores
569 3277 659 3363 Orig.

925 3578 930 3595 .
948 3520 1331 3586 HOLMCULTRAN.

431 3641 504 3709 577.
528 3639 746 3707 Ordinationes
752 3642 890 3707 Abbatis
900 3640 940 3706 de
951 3641 1072 3705 Meiros
1087 3641 1120 3705 in
1133 3641 1307 3706 visitatione
1319 3640 1441 3706 cenobii
1450 3639 1489 3705 de
1497 3639 1737 3706 Holmcultrnm.
1758 3643 1850 3727 Orig.

733 4005 887 4083 REGE
913 4003 1125 4081 JACOBO
1150 4005 1222 4081 IV.
1276 4012 1552 4081 1488-1513.

992 4263 1293 4330 HADINGTON.

433 4389 506 4455 578.
530 4385 736 4471 Obligacioun
751 4385 791 4450 be
802 4385 924 4450 Robert
936 4384 1065 4449 Lawdir
1075 4384 1112 4449 of
1124 4384 1304 4470 Edrington
1319 4383 1369 4447 sor
1383 4383 1437 4448 the
1450 4393 1597 4472 pnyment
1611 4382 1649 4447 of
1660 4381 1714 4446 viii
1728 4383 1856 4448 cholder

432 4506 469 4572 of
479 4506 578 4571 vitnill
592 4506 692 4593 yeirly
706 4505 755 4569 for
769 4505 866 4569 ferme
881 4505 918 4569 of
930 4505 1166 4571 Edmundiston
1180 4527 1307 4591 grange.
1354 4506 1445 4590 Orig.

432 4631 506 4698 579.
528 4627 753 4692 Rstificstioun
765 4624 865 4690 under
875 4625 929 4689 the
943 4640 1032 4711 great
1043 4625 1105 4691 senl
1119 4625 1157 4689 oi
1163 4648 1183 4690 a
1192 4626 1325 4689 Decoeet
1338 4624 1376 4690 of
1387 4623 1441 4689 the
1454 4623 1569 4689 Lordis
1583 4624 1620 4689 of
1627 4625 1775 4691 Counsall
1786 4624 1855 4690 that

430 4752 484 4816 the
499 4752 642 4816 convent
656 4748 693 4814 oi
704 4746 825 4813 Meiros
838 4747 912 4813 nwis
927 4768 968 4812 na
982 4769 1125 4834 presence
1139 4769 1196 4812 nor
1212 4757 1281 4813 oute
1295 4745 1345 4811 for
1359 4745 1412 4813 the
1426 4744 1529 4813 landis
1543 4745 1580 4810 ol
1586 4744 1747 4834 Hertsyde
1756 4747 1789 4810 in
1801 4744 1856 4811 the

429 4874 562 4942 schirret'
571 4869 739 4940 courtis'oi
751 4869 970 4957 Hodingtoun.
1017 4870 1109 4957 Orig.
