4372 5888
997 560 1071 641 xiii

927 765 1135 832 LANARC.

325 884 399 955 519.
423 884 521 949 Carta
535 882 642 950 David
658 883 825 972 Menyhein
839 883 880 949 de
894 886 985 951 terrie
999 887 1039 951 de
1051 885 1248 952 Wolchelide
1262 885 1295 951 in
1305 884 1434 951 baronia
1448 884 1488 950 de
1504 882 1616 951 Cultir.
1654 883 1746 967 Orig.

325 1006 397 1070 520.
422 1007 610 1091 Preeeptum
626 1004 724 1071 senine
737 1004 887 1093 ejusdem.
933 1009 1024 1095 orig.

324 1130 397 1193 521.
420 1129 625 1194 Confirmatio
641 1129 748 1215 Regis.
794 1129 886 1215 Orig

947 1377 1128 1441 LEYTH.

326 1497 399 1559 522.
423 1499 520 1562 Certa
536 1497 669 1563 Roberti
685 1500 815 1585 Logene
828 1498 945 1564 domini
960 1499 1000 1565 de
1015 1497 1171 1564 Lesteln'k
1186 1498 1322 1564 deterre
1337 1500 1361 1563 J
1362 1498 1492 1563 ohannis
1508 1496 1696 1562 de’Nenton
1710 1495 1743 1559 in

325 1616 408 1682 villa.
453 1619 575 1706 Regint.
588 1630 701 1688 recent.

325 1741 399 1805 533.
423 1742 522 1805 Carta
534 1737 674 1827 ejusdem
689 1741 729 1807 de
745 1752 828 1807 terro
842 1740 997 1807 Willelmi
1012 1743 1113 1807 Polio.
1160 1745 1251 1830 Orig.

951 1986 1123 2050 MERSE.

324 2109 396 2170 oet
420 2103 696 2194 [Hnnemenom]
721 2107 925 2173 Confirmatio
940 2109 1043 2195 Regin
1057 2107 1259 2195 quorundum
1274 2119 1429 2174 cartarum
1447 2131 1543 2196 supra
1554 2108 1748 2195 scriptarum.

329 2229 420 2316 Orig.

325 2352 397 2415 525
420 2351 608 2437 Depertison
635 2351 743 2416 betuix
759 2351 879 2416 Meiros
898 2351 961 2416 and
976 2351 1095 2417 Waltir
1118 2353 1156 2417 of
1167 2353 1363 2418 Haliburton
1377 2354 1417 2418 be
1433 2351 1543 2418 Petrik
1558 2352 1596 2417 of
1613 2352 1749 2418 Dunbar

326 2470 396 2536 lord
408 2472 446 2538 of
457 2472 540 2537 Beill
553 2471 615 2536 and
630 2495 650 2538 a
663 2485 751 2559 geete
765 2496 860 2561 nssys.
907 2476 998 2561 Orig.

327 2596 402 2660 524.
426 2593 498 2659 The
511 2595 617 2682 synele
630 2595 752 2660 decrete
765 2595 802 2661 of
815 2596 905 2660 Baiis
918 2595 993 2660 land
1008 2594 1048 2661 be
1062 2597 1155 2661 assise
1168 2595 1206 2659 of
1218 2594 1326 2660 Ricbt.
1373 2598 1463 2683 Ovig.

949 2842 1127 2907 PEBLIS.

326 2963 400 3030 527.
423 2962 631 3028 Renuneintio
646 2961 808 3028 Maloolmi
823 2962 980 3050 Flemyng
1003 2963 1120 3028 domini
1135 2963 1174 3027 de
1191 2964 1310 3049 Bygar,
1332 2962 1372 3027 de
1393 2962 1513 3051 capella
1533 2963 1567 3028 in
1595 2963 1748 3029 territorio

327 3084 368 3148 de
383 3084 628 3172 Kyngyldurris.
675 3086 766 3173 Orig.

900 3333 1183 3398 ROKISBURC.

331 3456 404 3520 528.
429 3452 615 3544 [Cunna]
648 3454 881 3519 Testimonium
905 3466 936 3518 et
960 3455 1124 3519 notificatio
1139 3454 1268 3520 Patn‘cii
1282 3453 1406 3520 abbatis
1431 3454 1471 3519 de
1485 3454 1625 3535 Kallion,
1649 3455 1755 3520 asede

330 3578 513 3665 Apostolion
526 3578 700 3643 executoris
714 3578 755 3642 ed
768 3577 828 3642 hoc
843 3577 998 3664 deputati,
1013 3578 1053 3641 de
1067 3577 1160 3642 certis
1175 3591 1205 3641 et
1220 3577 1429 3642 munimentio
1475 3581 1566 3666 Orig

330 3701 403 3764 533.
428 3702 677 3764 Instrumentum
692 3720 785 3785 super
799 3699 1024 3785 presentatione
1038 3698 1125 3764 bulle
1140 3698 1301 3764 Benedicti
1317 3702 1415 3786 Pape,
1432 3700 1473 3764 N.
1490 3702 1564 3765 503.
1611 3702 1702 3788 Orig.

332 3826 407 3888 534.
432 3821 637 3887 Confirmatio
651 3821 755 3907 Regia
767 3820 967 3908 quarundam
982 3835 1137 3886 certarum
1153 3845 1249 3909 snpra
1264 3823 1459 3909 scriptarum.
1506 3825 1597 3911 Orig.

331 3947 404 4011 535.
428 3943 602 4009 Indentura
626 3943 666 4007 de
690 3942 899 4008 infeodatione
921 3943 1075 4009 Johnnnis
1099 3947 1249 4032 Mosorop
1275 3946 1307 4010 in
1335 3957 1509 4010 tenemento
1535 3946 1567 4009 in
1579 3946 1751 4011 Jedworth.

334 4069 425 4155 orig.
534 4059 541 4077 ·

333 4189 407 4256 536.
430 4185 683 4276 [Lnsmnwtm]
709 4191 805 4255 Carta
820 4189 984 4253 Malcolmi
999 4189 1038 4254 de
1051 4190 1207 4255 Galbratb
1222 4189 1341 4254 domini
1356 4188 1396 4253 de
1412 4187 1569 4267 Grenoch,
1585 4188 1624 4254 de
1639 4188 1668 4253 le
1683 4190 1758 4254 Per·
1782 4164 1786 4169 Ι

330 4312 500 4379 sounlonde
514 4311 589 4377 data
601 4311 633 4375 in
647 4310 836 4377 eeoembium
851 4333 909 4398 pro
922 4311 1089 4397 hostilagio
1103 4312 1135 4376 in
1149 4312 1225 4376 vssla
1238 4312 1279 4376 de
1295 4313 1432 4398 Kynros.
1480 4313 1572 4397 orig.

331 4437 404 4505 587.
428 4437 677 4500 Instrumentum
692 4432 732 4497 de
747 4433 923 4498 venditione
937 4434 1103 4499 tenementi
1119 4433 1274 4498 Willelmi
1288 4433 1328 4499 de
1343 4432 1466 4498 Hilton.
1514 4435 1605 4521 Orig.

332 4561 406 4624 538.
429 4557 634 4622 Confirmatio
649 4556 774 4620 Thome
788 4556 828 4621 de
844 4555 982 4621 Sehatto.
1029 4559 1121 4644 Orig.

333 4683 406 4752 539.
431 4679 635 4744 Confirmatio
650 4679 754 4766 Regia
767 4677 808 4743 de
822 4690 905 4744 terra
919 4678 959 4743 de
975 4679 1197 4745 Cambestoun.
1244 4679 1335 4768 Orig.

333 4805 408 4868 540.
431 4800 651 4887 [Renum]
674 4802 785 4867 Lettre
799 4803 839 4867 be
853 4801 1053 4866 Archebolde
1068 4802 1144 4866 Erle
1162 4800 1199 4864 of
1217 4801 1361 4888 Douglas
1383 4801 1542 4867 touchend
1565 4803 1619 4868 the
1640 4815 1762 4868 contra-

331 4946 423 5011 versy
437 4923 547 4990 betuix
563 4924 683 4991 Melron
696 4922 759 4990 ond
773 4923 879 4990 Johne
894 4923 948 4990 the
963 4925 1058 5011 Hage
1072 4922 1159 4990 lorde
1174 4922 1211 4989 of
1224 4923 1405 5011 Bemersyd.
1452 4925 1546 5013 orig.
