4372 5888
350 567 620 623 nuenton.-
706 544 1066 624 MUNIMENTA
1092 544 1174 621 DE
1198 541 1440 621 MELROS.
1713 542 1786 622 617

351 767 487 840 eisdem
500 766 594 841 ficut
609 776 649 842 et
664 768 726 866 iiie
741 768 960 866 progenitor
972 768 1017 839 rir
1029 766 1078 839 de
1090 789 1191 839 nouo
1203 764 1338 839 damus
1354 772 1394 838 et
1410 761 1624 837 concedim9
1636 761 1787 860 ppetuis

353 912 541 1009 tempibue
564 912 638 988 line
662 923 702 987 et
725 914 854 1011 quiete
876 936 920 986 ao
943 912 1019 986 fine
1048 912 1287 985 reuooocione
1315 918 1355 984 et
1383 909 1595 1008 calumpnia
1624 909 1682 983 ini
1697 952 1707 973 ·
1723 909 1785 982 he·

354 1059 443 1132 redo
461 1058 522 1133 vel
537 1058 779 1134 successorum
803 1061 956 1132 rirorum
982 1054 1205 1156 possidendis
1218 1097 1228 1120 ·
1240 1056 1329 1130 Non
1346 1055 1513 1131 obstante
1529 1063 1696 1154 preterea
1719 1074 1786 1152 per

353 1204 520 1303 aliquam
544 1207 603 1279 vin
628 1206 720 1279 iuris
744 1206 844 1303 pacti
869 1204 931 1279 uei
956 1204 1045 1278 facti
1062 1204 1309 1300 cuiuscumq,·
1323 1228 1349 1300 q
1365 1225 1432 1275 nos
1449 1201 1497 1275 de
1512 1200 1658 1299 speciali
1673 1199 1786 1276 licen·

354 1350 411 1422 cia
432 1359 471 1423 et
494 1352 686 1444 pmiffione
710 1374 753 1424 oc
777 1350 901 1449 gracia
925 1351 1082 1424 diorum
1106 1349 1363 1447 religiosorum
1392 1347 1439 1421 ad
1457 1371 1612 1445 precum
1636 1348 1785 1423 iirarum

352 1514 528 1593 magnam
545 1498 762 1571 instanciam
780 1507 818 1570 et
834 1500 911 1570 non
939 1497 987 1569 de
1007 1495 1134 1594 aliquo
1157 1495 1240 1571 iure
1256 1495 1321 1570 uel
1337 1495 1452 1568 titulo
1468 1494 1516 1567 od
1532 1517 1600 1567 nos
1619 1494 1788 1587 ptinente

353 1643 392 1714 in
419 1642 488 1717 hac
511 1653 597 1738 pte·
612 1643 724 1717 semel
740 1654 779 1717 et
795 1644 906 1717 vnica
921 1643 1005 1717 vice
1030 1650 1182 1716 tantum
1206 1619 1501 1740 presentodimur
1523 1664 1644 1715 vnum
1668 1650 1788 1716 recto-

354 1814 434 1863 rem
450 1790 500 1863 ad
515 1791 723 1888 predictam
739 1792 877 1863 eoiiam
888 1831 899 1852 ·
910 1789 1038 1863 habito
1053 1790 1134 1888 p⁴us
1159 1798 1197 1863 et
1214 1789 1360 1862 notorie
1376 1787 1472 1863 facto
1489 1787 1634 1887 speciali
1650 1789 1789 1886 protes·

354 1936 500 2009 tacione
525 1960 593 2035 per
620 1935 781 2034 prefatos
810 1935 996 2032 religiosos
1011 1960 1061 2032 ις
1089 1945 1128 2008 n‘
1156 1935 1225 2032 iliis
1250 1958 1319 2008 nec
1344 1936 1509 2033 ipsorum
1533 1933 1791 2011 succefforibus

355 2081 502 2155 cederet
521 2083 561 2154 in
592 2082 844 2180 preiudicium
861 2084 904 2156 ut
920 2105 1126 2181 grauamen
1143 2082 1238 2180 quin
1261 2081 1314 2178 ipi
1339 2083 1496 2155 cedente
1521 2085 1563 2155 ui
1588 2082 1792 2156 decedente

356 2228 651 2327 prefato'rectore
663 2227 710 2301 ad
724 2213 919 2325 {inotatom
936 2229 1089 2304 eociiam
1101 2228 1243 2326 possent
1260 2234 1299 2302 et
1315 2227 1495 2303 deberent
1507 2226 1555 2301 de
1571 2227 1679 2327 reliq⁹
1695 2240 1734 2302 et
1750 2230 1790 2302 in

356 2375 546 2473 posterum
555 2382 599 2447 vt
609 2374 690 2447 veri
705 2374 826 2472 pot⁰ni
840 2375 1081 2473 imppetuum
1095 2374 1367 2472 putamquam
1378 2372 1474 2470 quid
1484 2372 1790 2470 protestecionem

358 2523 435 2596 offii
451 2522 523 2596 alia
538 2524 600 2596 via
616 2531 655 2596 et
675 2522 841 2596 remedio
857 2521 948 2596 iuris
960 2563 970 2582 ·
982 2521 1244 2596 conuentionis
1270 2525 1311 2595 ui
1335 2520 1427 2594 facti
1451 2521 1599 2620 protin9
1615 2521 1790 2595 exclusis·

358 2693 425 2743 nos
454 2694 523 2768 pro
544 2633 656 2742 ¹nobis
683 2668 884 2743 heredibus
912 2676 952 2742 et
977 2666 1235 2743 successoribus
1264 2667 1339 2740 iiris
1365 2669 1495 2766 sponte
1523 2666 1715 2742 edmifim9
1729 2711 1738 2729 ·
1753 2678 1792 2741 et

358 2817 459 2914 isram
487 2820 539 2890 bn
564 2816 819 2915 ¹ncoeptouimso
835 2838 961 2891 coram
987 2815 1139 2890 oonsrlio
1165 2817 1304 2889 irro.et
1329 2813 1484 2888 testibus
1505 2813 1792 2913 fidedignis01n

359 2965 531 3061 quorum
549 2966 628 3036 oim
658 2963 788 3038 testie*
816 2961 981 3062 figillum
1006 2968 1089 3038 nim
1116 2961 1270 3060 potibus
1294 2961 1504 3060 precepim9
1528 2962 1687 3061 opponi·
1704 2963 1793 3037 Hiio

361 3109 552 3183 testonis
580 3108 779 3184 malcolmo
807 3108 856 3183 de
884 3109 1066 3184 dremond
1086 3151 1095 3170 ·
1114 3107 1212 3184 dilio
1241 3107 1301 3183 sie
1327 3110 1395 3182 riro
1410 3108 1529 3182 -Jone
1557 3109 1606 3182 de
1634 3109 1820 3223 swintun,

360 3254 539 3329 cariffimo
563 3256 627 3352 pire
650 3257 719 3328 riro
735 3264 775 3328 et
789 3255 889 3331 Jone
911 3255 960 3331 de
977 3255 1084 3351 'Pib3
1109 3254 1497 3350 militib30'murdraoo
1522 3255 1570 3330 de
1593 3253 1792 3354 glocestre·

359 3411 399 3475 et
415 3401 567 3476 henrico
584 3401 632 3474 de
650 3400 810 3477 Wedale
826 3402 921 3481 ciioo
945 3403 1013 3476 riro
1037 3401 1139 3501 apud
1163 3400 1440 3500 etybredschei·
1455 3400 1579 3499 xxvij⁰
1602 3401 1664 3474 die
1689 3400 1792 3477 mesre

359 3549 467 3623 iulii·
482 3549 602 3624 Anno
617 3548 685 3622 dii
700 3546 895 3622 millesimo
909 3589 919 3610 ·
933 3557 1050 3623 med·
1064 3547 1266 3650 lxxxviij⁰·

364 3841 516 3939 Obliga⁰
531 3843 656 3940 vicarij
675 3844 723 3916 de
739 3843 926 3918 hossindeir
943 3844 989 3916 of
999 3853 1041 3939 pe
1056 3843 1122 3918 erd
1138 3823 1222 3943 syld
1240 3884 1250 3904 ·

251 4135 272 4193 5
364 4115 430 4212 Be
445 4133 477 4206 it
492 4132 595 4206 kend
612 4132 670 4206 till
686 4132 722 4206 al
744 4156 855 4206 mene
877 4133 924 4205 be
949 4132 1026 4205 thir
1049 4133 1195 4231 present
1221 4135 1294 4207 ires
1324 4155 1387 4206 me
1415 4135 1447 4207 s'
1474 4132 1603 4207 walter
1631 4134 1796 4235 dowglas

362 4280 465 4354 vioor
479 4279 525 4353 of
535 4289 577 4373 pe
592 4277 681 4352 kirk
697 4277 743 4352 of
754 4277 942 4351 hoffinden
960 4277 1064 4388 tobe
1080 4276 1263 4376 bundyne
1277 4277 1353 4353 ond
1368 4276 1477 4387 oblist
1504 4277 1579 4355 ond
1597 4279 1643 4354 be
1657 4281 1689 4378 p*
1710 4304 1794 4381 pre·

362 4428 442 4500 sent
457 4429 530 4500 tres
546 4424 621 4498 and
637 4435 680 4521 pe
697 4423 776 4498 fath
796 4424 836 4497 in
856 4448 923 4521 my
940 4423 1044 4522 body
1059 4423 1185 4499 bindir
1202 4441 1228 4500 t
1244 4423 1346 4499 obliti
1368 4448 1432 4499 me
1456 4435 1497 4502 to
1520 4448 1590 4501 ene
1605 4430 1793 4504 venerabil

362 4573 465 4647 foder
480 4574 521 4646 in
537 4572 614 4672 god
631 4571 821 4645 Bernarde
838 4570 884 4645 be
902 4582 944 4665 pe
959 4570 1150 4666 pmiffione
1168 4571 1215 4646 of
1225 4572 1325 4672 gode
1341 4570 1476 4648 Abbot
1504 4573 1579 4649 and
1601 4558 1739 4652 coirent
1755 4578 1801 4650 of

365 4730 407 4811 pe
435 4717 555 4816 abboy
573 4718 619 4792 of
629 4719 778 4793 Metron
806 4717 883 4792 ond
909 4726 951 4792 to
977 4729 1039 4814 por
1065 4717 1353 4802 sumemurcin
1378 4744 1509 4797 maner
1532 4722 1607 4797 ond
1622 4723 1742 4798 forme
1756 4749 1797 4798 as

354 4861 454 4937 'eftir
469 4863 616 4941 folowis
634 4873 694 4960 pot
709 4864 742 4939 ir
758 4863 1005 4941 Forsomeldll
1023 4888 1065 4941 or
1079 4865 1158 4943 itio
1173 4864 1369 4967 euidently
1386 4865 1579 4969 knewyng
1595 4878 1637 4944 to
1664 4893 1727 4944 me
1750 4869 1798 4949 be

1086 5012 1137 5074 41
