4372 5888
390 557 657 617 naamam.
747 537 1104 619 MUNIMENTA
1129 537 1210 615 DE
1236 536 1478 621 MELROS.
1762 542 1833 617 611

392 761 533 859 recepit
560 769 600 836 et
625 759 731 835 bmoi
754 759 862 835 nobis
886 761 1040 836 notariis
1064 760 1225 860 publicis
1253 760 1464 859 subscriptis
1489 758 1649 859 plegend
1674 761 1830 837 tradidit

392 906 603 1005 Cuiusquid
630 909 796 1007 precepti
824 916 933 982 tenor
957 907 1094 1006 sequit2
1123 916 1163 981 et
1191 906 1245 981 est
1274 906 1358 981 talis
1383 906 1590 1006 Dompnus
1615 907 1834 985 Barnardua

391 1052 465 1128 bell
491 1053 698 1129 monachus
723 1054 935 1129 monasterii
963 1053 1011 1128 de
1035 1050 1191 1127 melmin
1215 1077 1258 1126 ac
1284 1052 1537 1152 pensionarius
1562 1055 1610 1128 de
1638 1054 1829 1131 mauchlin

392 1211 513 1277 necno
528 1200 629 1276 filius
646 1211 686 1275 et
701 1193 806 1275 here's
823 1201 955 1300 quond
972 1201 1086 1273 Wiffi
1103 1199 1179 1275 bell
1202 1200 1374 1300 burgenn
1399 1201 1512 1300 burgi
1537 1200 1585 1276 de
1601 1201 1831 1302 Edinburglt

390 1346 536 1421 dilectis
570 1348 645 1421 iiria
680 1347 809 1422 Alano
839 1347 1015 1422 Wilsouii
1050 1346 1223 1423 michaeli
1256 1348 1372 1423 bruce
1413 1348 1580 1423 Jobanni
1608 1347 1759 1425 lethane
1792 1359 1831 1424 et

389 1493 516 1593 egidio
531 1493 677 1568 sarcbar
693 1494 840 1594 burgeir
856 1495 949 1568 dicti
966 1494 1079 1593 burgi
1096 1518 1138 1569 ac
1155 1519 1288 1569 eorum
1312 1494 1419 1570 alteri
1440 1495 1601 1597 pinctim
1623 1504 1662 1570 et
1679 1496 1830 1571 diuisam

388 1639 537 1715 balliuia
555 1641 631 1715 siria
648 1643 689 1715 in
706 1641 775 1714 hac
792 1647 856 1736 pte
871 1639 1077 1740 specialiter
1093 1641 1305 1718 constitutis
1320 1641 1452 1717 tsaitm
1468 1630 1584 1730 lQuia
1609 1666 1678 1717 noa
1703 1643 1828 1718 dictus

390 1788 597 1887 Dompnua
624 1787 829 1862 bamardus
855 1788 896 1862 in
921 1787 1073 1863 laudem
1096 1796 1135 1861 et
1152 1786 1332 1863 honorem
1350 1788 1411 1864 dei
1431 1789 1673 1887 omipotentis
1699 1789 1829 1864 beatis-

391 1934 515 2033 simeq,
538 1934 695 2034 gloriose
711 1934 869 2033 virginis
885 1934 1001 2007 marie
1018 1935 1148 2008 matris
1164 1936 1229 2009 sue
1241 1961 1254 2008 r
1267 1942 1307 2009 et
1323 1936 1428 2010 bium
1446 1937 1658 2013 sanctorum
1684 1936 1745 2011 dei
1770 1935 1832 2011 de·

388 2079 490 2153 dim?
506 2088 546 2152 et
571 2079 789 2154 conceffim9
805 2078 1027 2154 hereditarie
1043 2079 1317 2156 venerabilibus
1342 2090 1382 2155 et
1406 2082 1582 2181 religiosis
1599 2082 1689 2157 viria
1715 2085 1831 2182 priori

388 2236 428 2302 et
443 2229 624 2303 obuentui
640 2226 734 2302 dicti
750 2227 959 2330 monasteri]
978 2227 1027 2301 de
1043 2227 1188 2302 melrosl
1211 2235 1251 2303 et
1276 2228 1351 2303 siria
1377 2229 1639 2305 successoribus
1664 2231 1734 2329 qui
1760 2254 1828 2329 pro

388 2386 559 2474 tempore
575 2375 718 2453 suerint
733 2376 775 2449 in
791 2387 888 2474 pura
899 2375 1055 2449 liberam
1070 2385 1111 2449 et
1127 2383 1267 2473 ppetua
1282 2376 1488 2452 donaciona
1507 2384 1635 2450 totum
1652 2384 1692 2450 et
1707 2377 1829 2476 integ-

386 2547 474 2597 rum
503 2523 613 2596 illum
644 2534 733 2599 meu
758 2535 860 2598 anun
885 2523 1079 2598 redditum
1100 2532 1265 2621 quatuor
1289 2547 1500 2598 marcarum
1517 2522 1652 2598 usualia
1681 2533 1833 2599 monete

385 2670 490 2771 regnj
509 2670 621 2745 scotie
636 2683 713 2768 que
729 2670 912 2745 habemur
928 2670 1089 2746 exenein
1106 2679 1236 2745 anuali
1252 2679 1292 2747 et
1307 2670 1447 2746 leuand
1464 2670 1513 2744 ad
1547 2671 1644 2746 duos
1672 2672 1733 2747 ani
1758 2682 1831 2746 ter-

386 2819 510 2893 minoa
529 2821 724 2895 consuetos
740 2819 997 2919 penthecostes
1013 2821 1130 2916 v13et
1153 2819 1269 2893 sancti
1294 2792 1405 2893 dltini
1429 2819 1469 2892 in
1495 2819 1622 2893 hieme
1637 2847 1662 2914 p
1678 2819 1831 2919 equales

384 2967 576 3064 portiones
605 2967 654 3040 de
678 2975 759 3040 tota
783 2976 823 3040 et
846 2967 994 3066 integra
1009 2975 1107 3040 terra
1121 2965 1323 3064 posteriore
1338 2976 1378 3041 et
1394 2965 1509 3041 domo
1525 2967 1627 3041 vasta
1643 2967 1827 3045 anteriore

385 3112 477 3187 olim
505 3113 686 3187 tenemeti
715 3114 773 3187 riri
802 3124 879 3189 nuc
903 3136 996 3188 vero
1019 3114 1151 3210 ptineir
1178 3112 1280 3187 dicto
1302 3112 1432 3188 Alano
1449 3111 1653 3187 Wilsoune
1684 3113 1830 3213 burgen

387 3260 479 3335 dicti
508 3260 620 3359 burgi
650 3269 690 3334 et
716 3285 783 3361 per
811 3284 881 3335 noa
907 3261 1076 3359 predicto
1092 3259 1201 3335 alano
1217 3285 1286 3361 pro
1303 3260 1515 3358 supradicto
1532 3275 1633 3335 anuo
1649 3260 1829 3337 redditur

385 3420 549 3507 quatuor
565 3382 734 3482 dicatum
750 3408 791 3481 in
807 3406 1018 3482 seodifirma
1032 3405 1256 3482 hereditarie
1271 3405 1421 3480 atsedar
1437 3428 1527 3482 cum
1542 3408 1616 3483 suis
1632 3407 1829 3503 ptinenciia

384 3557 501 3630 Jaoeii
516 3556 557 3630 in
575 3554 666 3630 villa
681 3554 730 3629 de
745 3554 839 3629 leitb
856 3578 906 3629 ex
922 3561 987 3650 pte
1000 3552 1150 3629 australi
1165 3576 1265 3653 aque
1281 3551 1386 3628 eiusd
1401 3577 1520 3653 prope
1536 3553 1611 3630 fine
1635 3554 1829 3667 australem

384 3704 510 3802 pontis
538 3703 588 3776 de
614 3700 705 3778 leitb
728 3704 769 3776 in
785 3700 981 3802 regalitate
996 3701 1045 3776 de
1059 3700 1272 3777 brocbtoud
1288 3708 1328 3776 et
1343 3699 1440 3776 infra
1456 3701 1763 3778 vicecomitatum
1781 3703 1829 3777 de

385 3848 613 3947 Edinburgb
630 3848 727 3923 infra
744 3857 859 3923 terrac
874 3849 990 3924 sancti
1006 3848 1173 3923 leonardi
1189 3848 1238 3922 de
1252 3847 1346 3923 leitb
1363 3849 1412 3922 ad
1428 3848 1505 3921 fine
1522 3848 1599 3923 siue
1612 3857 1717 3943 ptem
1734 3850 1828 3924 occi·

385 3994 574 4071 dentalem
599 3994 717 4068 earlld
744 3994 843 4079 inter
868 4003 984 4068 terras
1001 3994 1132 4092 quond
1160 3993 1353 4068 alexandri
1379 3993 1523 4068 brovne
1547 4017 1594 4068 ex
1620 4003 1684 4089 pte
1708 3995 1827 4070 orien-

385 4142 452 4218 tali
467 4165 517 4217 cx
533 4149 598 4239 pte
613 4165 689 4216 vna
703 4149 744 4215 et
758 4149 858 4216 terra
874 4140 977 4215 vasta
992 4139 1154 4215 Roberti
1169 4139 1304 4239 logane
1320 4140 1369 4214 de
1385 4139 1552 4214 Cotseild
1575 4164 1625 4215 ex
1649 4150 1714 4236 pte
1730 4144 1825 4219 occi.

385 4289 527 4365 dentali
554 4314 602 4364 ex
631 4295 697 4384 pte
726 4287 841 4362 altera
865 4295 981 4386 prout
1004 4287 1045 4361 in
1061 4295 1163 4363 carta
1177 4290 1246 4363 ina
1261 4287 1439 4388 predictis
1455 4288 1571 4387 priori
1586 4297 1627 4365 et
1642 4290 1826 4366 iouentui

383 4437 544 4537 predicti
569 4435 781 4535 monasterij
809 4436 858 4512 de
884 4433 1042 4511 melroia
1066 4435 1180 4531 desup
1201 4435 1325 4537 pfecta
1348 4434 1496 4536 plenius
1517 4437 1688 4537 ptinetur
1704 4437 1825 4514 Vobis

384 4585 502 4683 igitur
518 4594 557 4660 et
573 4589 658 4660 rim
675 4583 831 4659 cuilibet
845 4583 1027 4660 coifictim
1044 4601 1071 4660 a
1087 4582 1237 4658 diuitim
1254 4581 1458 4682 precipim9
1473 4591 1514 4658 et
1529 4585 1725 4660 mandam?
1739 4588 1824 4686 dtis

385 4730 471 4805 vista
487 4732 640 4829 potibus
657 4731 814 4806 indilate
829 4731 943 4805 salina
957 4731 1097 4806 statum
1120 4739 1160 4804 et
1183 4728 1395 4831 pofflslione
1419 4730 1680 4807 hereditariam
1704 4734 1824 4808 tocius

384 4876 544 4975 predicti
568 4877 711 4954 annalia
725 4877 896 4954 redditus
911 4887 1078 4978 quatuor
1093 4853 1219 4955 donn
1243 4889 1292 4955 cr'r
1316 4879 1447 4976 ptined
1472 4878 1624 4979 presatia
1645 4880 1760 4979 priori
1784 4889 1823 4954 et
