4372 5888
1083 541 1112 593 X

975 719 1216 785 DUMFRES.

384 845 456 906 484.
481 837 734 930 [ΝΥτΗευΑιι]
757 839 962 906 Confirmatio
984 840 1087 927 Regia
1110 854 1194 905 carte
1218 838 1350 905 Roberti
1367 840 1395 903 1.
1420 838 1520 927 Regio
1542 839 1583 906 de
1607 840 1806 908 libertatibus

384 976 550 1044 terrarum,
566 967 608 1029 N.
624 968 697 1035 875.
745 966 837 1051 orig.

384 1091 457 1153 485.
481 1090 732 1154 Instrumentum
747 1086 788 1151 de
801 1086 1026 1173 approbatione
1039 1099 1070 1152 et
1085 1084 1304 1151 ratihabitione
1318 1083 1458 1171 ejusdem
1471 1085 1627 1173 privilegii
1641 1085 1682 1153 ab
1694 1087 1808 1153 Archi-

382 1210 476 1274 baldo
491 1210 531 1275 de
547 1210 691 1296 Douglas
706 1209 844 1274 Domino
859 1208 1023 1274 Galwidie.
1070 1210 1160 1296 Orig.

936 1446 1237 1512 EDINBURGH.

383 1577 478 1638 Carta
493 1572 592 1660 Regis
607 1595 670 1658 qua
685 1572 885 1636 confirmatur
898 1570 1118 1658 impignoratio
1143 1569 1308 1634 tenementi
1331 1571 1365 1634 in
1384 1568 1458 1634 villa
1471 1567 1512 1633 de
1525 1569 1741 1659 Edynburgh‚
1765 1573 1806 1637 ab

380 1696 455 1761 Ada
471 1696 580 1761 Thore
593 1697 742 1782 burgensi
766 1697 849 1761 faeta
874 1695 1060 1760 monestede
1074 1697 1096 1759 4
1111 1693 1256 1759 Octobris
1271 1693 1515 1779 1878,-apud
1537 1692 1740 1780 Edynburgh
1762 1695 1806 1760 26

379 1815 430 1881 die
445 1818 635 1882 Novembris
649 1840 731 1882 enno
746 1817 834 1904 regni
849 1815 978 1881 decimo.
1025 1818 1116 1903 orig.
1125 1836 1223 1903 penes
1236 1816 1280 1879 D.
1297 1817 1408 1903 Loing
1417 1837 1475 1881 soc.
1492 1815 1596 1880 Bono.
1612 1839 1632 1880 a
1646 1820 1777 1882 emetis.

1023 2063 1160 2127 FYFE.

380 2183 453 2250 486.
478 2187 575 2249 Carta
589 2183 746 2247 Johannis
760 2182 800 2246 de
815 2180 954 2246 Boseuill
968 2180 1044 2245 data
1056 2184 1080 2247 J
1081 2181 1196 2245 ohonoi
1210 2179 1250 2245 de
1262 2182 1405 2266 Wemye,
1421 2179 1461 2245 de
1476 2179 1566 2245 terris
1580 2179 1620 2245 de
1630 2181 1804 2267 Mircarny,

377 2307 406 2370 ie
421 2307 519 2385 Rath,
537 2306 724 2393 Glenyoton,
741 2304 908 2392 Polgulde‚
924 2303 1039 2369 Nethir
1055 2304 1236 2370 Cambroun
1250 2313 1282 2368 et
1296 2303 1337 2368 de
1352 2301 1513 2367 Methkill.
1559 2304 1652 2389 Orig.

934 2549 1236 2615 HADINGTON.

375 2676 448 2742 487.
472 2673 677 2737 Confirmatio
691 2674 715 2737 J
716 2672 846 2736 ohannis
859 2669 900 2734 de
913 2672 1050 2758 Wemys
1063 2670 1182 2748 militis,
1197 2669 1238 2735 de
1253 2667 1389 2733 tetrade
1405 2667 1584 2754 Kingissete
1597 2669 1630 2733 in
1647 2669 1803 2735 territorio

375 2793 414 2858 de
430 2793 592 2873 Panschel‚
607 2815 704 2879 quam
718 2793 903 2858 monasterio
917 2791 1005 2857 dedit
1019 2793 1179 2858 Henrious
1192 2792 1233 2856 de
1248 2792 1384 2858 Beltoun
1438 2794 1560 2880 Regiae.
1577 2804 1685 2860 recent.

998 3036 1180 3101 PERTH.

376 3165 448 3227 488.
472 3163 569 3227 Carta
584 3157 745 3224 Maloolmi
760 3158 801 3224 de
816 3158 890 3246 Lyn
911 3158 1078 3247 burgensis
1099 3160 1140 3226 de
1163 3160 1272 3239 Perth,
1296 3159 1336 3224 de
1360 3173 1443 3226 terra
1465 3161 1497 3224 in
1523 3162 1634 3248 burgo.
1680 3165 1801 3250 Regio.

375 3294 484 3349 recem.

944 3530 1225 3595 ROKISBURC.

375 3653 447 3719 489.
471 3645 653 3735 [Cimo]
677 3648 882 3714 confirmatio
898 3650 1000 3735 Regia
1014 3662 1098 3715 carte
1114 3652 1213 3737 Regis
1230 3651 1335 3716 David
1352 3654 1401 3718 11.
1423 3655 1464 3718 Ν.
1482 3653 1554 3719 465.
1602 3658 1692 3740 Orig.

376 3775 446 3842 490.
471 3770 674 3835 Confirmatio
687 3769 789 3855 Regia
802 3784 886 3835 carte
898 3770 1052 3834 Willelmi
1064 3773 1185 3836 comitio
1196 3773 1235 3836 de
1248 3774 1390 3860 Douglas
1405 3773 1445 3837 de
1460 3775 1550 3839 terris
1565 3776 1605 3841 de
1618 3779 1801 3862 Penangus-

373 3896 454 3982 hope
476 3907 508 3958 et
534 3892 705 3958 Caldoluch
729 3893 878 3973 inferiori,
902 3894 984 3958 datio
1010 3896 1205 3974 monasterio,
1234 3920 1292 3983 pro
1319 3897 1423 3963 anima
1438 3899 1566 3963 Domini
1584 3901 1736 3965 Willelmi
1760 3901 1802 3965 de

374 4020 518 4105 Douglas
546 4017 586 4081 de
610 4015 778 4081 Laudonia
803 4016 909 4081 militis
933 4018 1023 4103 cujus
1045 4040 1158 4104 corpus
1180 4032 1252 4084 ante
1278 4021 1374 4086 altere
1399 4022 1488 4086 beate
1515 4023 1644 4109 Brigide
1671 4024 1800 4109 virginis

370 4139 545 4225 requiescit.
589 4141 714 4226 Regiet.
732 4148 840 4204 recent.

374 4263 446 4331 491.
471 4260 675 4324 Confirmatio
689 4261 803 4325 Jacobi
819 4260 950 4326 Comitio
964 4258 1005 4324 de
1019 4260 1164 4348 Douglns
1177 4262 1218 4326 de
1231 4261 1434 4330 advocatione
1448 4265 1582 4331 ecclesie.
1630 4267 1724 4354 Orig.

374 4385 446 4454 499.
470 4383 566 4446 Carta
580 4381 679 4467 Regis
691 4380 766 4447 dote
776 4382 916 4448 iohanni
931 4382 971 4447 de
981 4382 1119 4451 Chattov
1134 4384 1174 4450 de
1189 4384 1290 4467 terris,
1302 4410 1365 4472 que
1378 4387 1507 4454 fuerunt
1520 4388 1650 4454 Ricardi
1668 4437 1801 4455 ......

373 4524 452 4588 quas
466 4500 566 4565 tenuit
581 4500 621 4566 de
635 4502 831 4568 monasterio.
879 4504 970 4589 Orig.
